2820 4606
614 195 830 252 ,53-

166 357 339 444 hosianna,
372 383 566 446 quamquam
600 363 751 445 epistulas
783 363 822 425 ad
856 383 909 426 eos
943 363 1044 446 dedit,
1077 362 1274 444 reliquorum

166 462 320 528 librorum
343 467 376 528 iu
400 471 545 550 congerie
566 488 726 550 nusquam
749 468 968 532 nominavent.

254 569 365 634 Restat
387 576 423 634 ut
446 572 484 634 de
507 576 619 654 quarto
635 570 806 635 Schwarzii
829 576 1015 655 argumento
1030 590 1132 653 pauca
1153 569 1272 632 addam.

166 671 251 736 Dicit
272 676 366 757 enim,
388 680 522 739 aetatem
537 678 761 759 magistrorum
775 674 986 757 Demonactis,
1010 676 1072 759 qui-
1089 695 1113 739 c.
1133 677 1151 737 3
1174 673 1275 735 nomi-

166 782 298 860 nantur,
326 781 441 862 partim
471 799 535 842 non
565 780 720 863 quadrare
743 780 782 842 ad
805 779 1015 843 Demonactis
1060 779 1210 862 Inprimis
1233 814 1274 822 —

166 902 240 945 nam
263 885 345 947 sorio
368 885 407 947 de
429 884 589 948 Demetrio
618 904 684 948 non
708 884 888 947 dubitat-
913 883 1153 968 Agathobulum
1174 883 1276 944 mino-

167 1005 233 1049 rem
256 994 335 1052 natu
357 988 455 1053 fuisse
478 1009 574 1073 quam
589 988 815 1052 Demonactem
838 993 942 1073 putat,
967 1008 1062 1075 quam
1085 987 1124 1051 ob
1148 1005 1275 1049 causam

167 1093 263 1156 huius
285 1095 472 1176 magistrum
490 1094 589 1157 irrisae
607 1113 671 1156 non
691 1113 791 1176 posse.
829 1094 999 1157 Nemeum
1015 1092 1173 1157 Eusebius
1189 1091 1276 1153 hunc

165 1193 389 1280 philosophum
420 1200 502 1261 circa
532 1218 652 1261 annum
684 1200 746 1261 120
780 1218 810 1280 p.
836 1198 891 1261 ch.
923 1219 954 1262 n.
985 1198 1130 1261 floruisse
1163 1196 1290 1277 tradat,¹

167 1300 365 1365 Schwarzius
386 1301 526 1366 Eusebio
548 1304 644 1366 nimis
666 1302 828 1366 confidens
849 1303 942 1365 illum
965 1303 1156 1366 tricesimum
1182 1301 1275 1383 quin-

168 1410 237 1468 tum
268 1426 388 1470 annum
417 1408 521 1491 egisse
549 1427 605 1490 pro
636 1413 720 1471 certo
750 1407 854 1470 habet.
909 1406 971 1471 Sed
1002 1407 1182 1490 Ziegelerus
1208 1405 1228 1472 l.
1250 1422 1274 1466 a

166 1530 195 1593 p.
215 1513 277 1574 335
302 1531 360 1575 suo
382 1513 452 1575 iure
474 1514 537 1574 iam
560 1512 642 1575 hanc
666 1512 901 1575 conclusionem
923 1512 1080 1575 refutavit.

253 1615 375 1680 Deinde
397 1635 472 1680 vero
496 1616 597 1682 multa
618 1617 786 1680 incertiora
809 1617 1009 1681 Schwarzius
1035 1616 1074 1679 de
1096 1614 1275 1678 Phaborino

166 1725 362 1784 commentus
391 1726 447 1784 est.
493 1720 660 1784 Concludit
691 1721 775 1783 enim
805 1741 846 1784 ex
877 1740 926 1802 eo,
958 1720 1044 1804 quod
1076 1718 1276 1782 Phaborinus

167 1822 265 1886 edidit
288 1826 519 1907 quaestionem,
543 1826 679 1907 quaein
705 1844 730 1888 ο.
753 1826 792 1887 12
820 1827 904 1888 inest
926 1826 1019 1888 haec:
1053 1818 1139 1886 ‘alvu
1162 1817 1276 1884 δὲκαὶ

167 1922 284 2012 ἐφόδια
306 1922 385 2007 ἔχων
407 1926 442 1991 ἐκ
464 1928 602 2003 παιδιᾶς
616 1923 670 2004 ἐἰς
684 1924 882 2015 φιλοσοφίαν
897 1928 1016 2015 ἥκεις,·’
1036 1929 1187 1990 maiorem
1202 1945 1275 1989 eum

166 2036 243 2094 natu
266 2032 364 2096 brisso
386 2053 481 2115 quam
505 2033 738 2096 Demonactem.
785 2032 910 2096 Oblitus
934 2038 1040 2096 autem
1064 2037 1111 2095 est
1133 2031 1276 2095 Schwar-

167 2136 249 2217 aius,
288 2137 347 2200 hac
380 2139 564 2220 quaestione
595 2137 773 2221 superbiam
805 2138 964 2220 sophistae
991 2137 1078 2200 illius
1110 2134 1276 2217 designari,

167 2245 262 2323 atque
284 2243 413 2306 omnino
436 2242 607 2306 Phaborini
631 2244 773 2306 animum
795 2244 863 2306 risu
886 2248 917 2306 et
939 2241 1138 2305 cavillatione
1160 2239 1276 2303 Demo-

166 2346 268 2409 nactis
288 2347 446 2410 irritatum
469 2347 576 2410 fuisse.

254 2449 316 2521 aad
350 2453 444 2515 etiam
480 2452 565 2536 quod
597 2452 830 2516 Wichmannus
866 2453 905 2515 de
940 2452 1092 2514 varietate
1124 2449 1275 2528 locorum,
1372 2490 1376 2496 -

168 2554 284 2636 quibus
305 2556 353 2618 illi
376 2557 518 2640 magistri
538 2556 990 2636 Demonactishabitaverint,
1021 2555 1109 2634 dicit,
1140 2556 1276 2614 nonest

167 2662 261 2743 tanti,
285 2662 397 2744 quanti
419 2662 487 2744 ipse
509 2664 601 2744 putat
623 2657 655 2743 (l.
679 2680 704 2726 c.
733 2682 761 2743 p.
786 2661 874 2743 848).
920 2661 1033 2743 Neque
1055 2658 1189 2721 dubium
1210 2656 1276 2719 fere

167 2769 228 2847 est,
260 2766 339 2847 quin
362 2770 394 2828 et
414 2765 462 2826 illi
485 2765 663 2848 philosophi
685 2766 829 2828 Athenas
852 2766 997 2842 riserint,
1027 2783 1087 2826 nec
1108 2762 1276 2826 Demonax

167 2889 291 2953 semper
312 2889 377 2932 uno
400 2869 468 2932 loco
491 2871 659 2950 manserit,
683 2889 877 2952 quamquam
899 2871 934 2931 in
956 2869 1023 2930 vita
1045 2869 1114 2930 eius
1136 2866 1217 2929 nihil
1237 2864 1276 2928 de

166 2973 350 3037 itineribus:
382 2973 436 3037 sed
467 2974 519 3036 hio
548 2993 588 3036 ne
618 2973 723 3056 Cypro
753 2972 880 3055 quidem
903 2973 1049 3035 Athenas
1074 2971 1194 3034 factum
1215 2971 1276 3033 iter

166 3083 321 3141 narratur.

254 3181 377 3245 Deinde
396 3200 472 3245 vero
494 3202 625 3265 prorsus
646 3182 820 3263 nescimus,
850 3201 930 3244 num
951 3181 998 3244 illi
1018 3182 1094 3263 viri,
1124 3181 1180 3263 qui
1207 3197 1231 3240 o.
1256 3179 1275 3240 3

166 3288 387 3367 nominantur,
425 3305 535 3349 revera
569 3287 712 3370 magistri
750 3285 953 3349 Demonactis
987 3286 1114 3350 fueruit.
1169 3280 1276 3345 Verba

166 3391 251 3455 enim
274 3395 350 3454 sunt
371 3390 464 3454 haec:
491 3387 562 3452 ‘oda
576 3384 820 3473 Ἀγαθοβούλου
845 3389 891 3470 μὰ
913 3385 974 3453 Δί’
998 3384 1071 3452 οὐδὲ
1090 3380 1276 3472 Δημητρίου

166 3493 232 3578 πρὸ
263 3490 361 3556 αὐτοῦ
391 3490 464 3556 οὐδὲ
491 3487 681 3579 Ἐπικτήτου
710 3489 958 3577 ἐπεγειράντων,
996 3491 1077 3555 ἀλλὰ
1103 3499 1187 3553 πᾶσι
1218 3487 1275 3570 μὲν

166 3595 347 3682 συνεγένετο
379 3596 506 3672 τούτοις
533 3594 588 3660 καὶ
617 3591 666 3660 ἔτι
699 3597 892 3682 Τιμοκράτει
922 3608 968 3681 τῷ
995 3591 1198 3680 Ἡρακλεώτῃ
1222 3644 1229 3657 .
1251 3595 1274 3657 .’

166 3703 277 3766 Priora
293 3707 399 3766 autem
413 3702 511 3766 verba
526 3699 598 3765 ‘oda
610 3740 652 3748 —
666 3698 912 3787 ἐπεγειράντων
928 3702 1006 3764 mihi
1023 3699 1150 3782 quidem
1165 3698 1275 3762 viden-

165 3812 220 3870 tur
246 3793 287 3869 ob
318 3807 352 3869 id
381 3808 486 3890 ipsum
512 3808 683 3890 praemitti,
715 3825 755 3869 ne
779 3808 851 3889 quis
875 3807 913 3870 de
933 3807 1092 3890 magistris
1115 3806 1275 3888 cogitaret,

166 3913 193 3974 si
220 3912 318 3974 verba
346 3918 448 3974 ίποῖοι
476 3895 655 3996 συνεγένετο
681 3909 825 3985 τούτοις’
855 3911 982 3993 legeret.
1028 3909 1111 3972 Nam
1132 3909 1274 3991 verbum,

167 4036 196 4098 q.
212 4035 237 4080 e.
263 4011 492 4101 συγγίγνεσθαί
512 4038 576 4079 τινι
604 4035 807 4098 nequaquam
835 4035 959 4100 semper
981 4016 1097 4078 dicitur
1120 4016 1159 4079 de
1183 4014 1274 4078 disci-
