2820 4606
603 198 818 256 ..46-

160 374 241 450 eret,
278 369 298 430 i.
327 385 351 431 e.
388 364 597 429 Democrito.1
656 366 708 429 ΕΚ
744 369 871 431 nomine
908 367 1079 434 Democriti
1116 371 1267 456 deinceps

159 471 362 535 Demonactis
384 488 500 533 nomen
522 475 706 552 corruptum
725 476 786 554 ost,
808 490 889 554 quae
912 473 976 536 duo
997 477 1126 538 nomina
1146 477 1182 537 in
1205 477 1268 540 hoc

158 578 238 640 libro
261 575 437 639 Pcrailelon
467 577 592 658 saepius
619 575 750 638 confusa
775 581 859 638 sunt.
905 575 1063 661 Sanppius
1084 581 1184 663 igitur
1206 601 1268 644 suo

150 677 229 744 'iure
249 681 336 745 huno
357 681 463 743 locum
484 681 568 743 inter
583 680 790 763 Antiphontis
812 679 988 764 fragmento
1008 685 1163 768 recepisse
1186 687 1268 748 mihi

158 786 292 849 videtur.

245 907 338 971 Addo
365 897 443 969 icm'
458 905 519 968 ulia
549 905 611 968 duo
641 905 829 990 fragmenta,
860 926 940 990 quoe
967 907 1176 992 Fritzschius,
1209 914 1268 993 qui

158 1012 334 1077 Maximum
357 1031 422 1074 non
444 1011 597 1093 respexit,
619 1030 684 1073 non
706 1015 976 1076 commemoravit:

226 1136 254 1201 1.
270 1134 356 1197 Max.
372 1133 406 1196 Π
428 1153 457 1215 p.
474 1133 551 1196 539:
574 1132 802 1217 Δημώναισος·
826 1126 905 1196 ἔνιοι
923 1131 1051 1197 πόλεων
1066 1131 1123 1215 μὲν
1138 1134 1267 1200 δεσπό-

158 1237 260 1317 ζουσι,
292 1233 413 1322 γυναιξί
444 1233 479 1299 δὲ
508 1234 717 1299 δουλεύουσιν.
764 1236 825 1301 Sed
851 1257 892 1300 ne
914 1239 974 1301 hoc
997 1239 1124 1321 quidem
1146 1239 1267 1304 Demo-

156 1344 258 1406 nactis
288 1342 426 1423 videtur,
456 1361 527 1404 cum
566 1361 585 1404 ε
620 1340 752 1405 Stobceo
787 1340 836 1405 bis
874 1341 1055 1407 Democrito
1094 1343 1266 1430 tribuetur,

73 1476 77 1483 ·
157 1448 224 1511 flor.
247 1448 275 1529 6,
298 1448 337 1510 11
362 1452 394 1509 et
417 1448 445 1528 7,
461 1447 511 1529 26,
536 1465 599 1529 quo
620 1447 792 1528 posteriore
812 1447 881 1509 loco
903 1448 1054 1531 leguntur
1073 1449 1165 1512 haec:
1188 1443 1264 1513 Ἀν-

157 1550 262 1635 δρεῖος
289 1546 346 1613 οὐκ
374 1548 391 1612 ὁ
416 1560 479 1612 τῶν
504 1543 669 1629 πολεμίων
691 1560 815 1633 κρατῶν
837 1549 945 1630 μόνον,
977 1549 1135 1615 ἀλλὰκαὶ
1159 1551 1178 1614 ὁ
1200 1565 1263 1617 τῶν

156 1654 274 1740 ἡδονῶν
303 1649 467 1739 κρείσσων.
501 1647 582 1716 ἔνιοι
611 1650 646 1716 δὲ
674 1648 798 1716 πολίων
819 1650 884 1741 μὲν,
899 1653 1109 1736 δεσπόζουσι,
1139 1655 1258 1741 γυναιξί

155 1755 191 1822 δὲ
214 1756 424 1822 δουλεύουσιν.

222 1865 250 1927 2.
266 1862 351 1926 Max,
374 1862 408 1926 Π
436 1882 466 1945 p.
491 1864 568 1925 587:
599 1860 781 1947 Appovo'mt.
814 1862 850 1925 ’ὁ
874 1860 968 1939 αὐτὸς
990 1857 1180 1952 ἐρωτηθείς·
1212 1861 1259 1942 τίς

155 1964 252 2030 αὐτοῦ
275 1964 468 2041 διδάσκαλος
486 1965 619 2051 γεγονὼς
637 1959 701 2051 εἴη·
724 1965 763 2029 ιδ
777 1961 1041 2052 εωνἈδυναίων,
1066 1962 1137 2055 ἔφη,
1161 1973 1260 2056 βῆμα.

154 2066 316 2158 ἐμφαίνων
339 2069 388 2133 δἐι
411 2069 508 2156 ήδιδ
528 2081 590 2132 νων
608 2068 805 2155 πραγμάτων
819 2067 972 2156 ἐμπειρία
986 2068 1137 2157 κρείσσων
1152 2071 1264 2161 πάσης

155 2186 344 2263 σοφιστικῆς
374 2170 584 2251 διδασκαλίας
613 2171 708 2238 ἐστίν.
753 2175 860 2239 Etiam
886 2177 938 2239 hic
963 2177 1052 2242 iocus
1079 2198 1098 2240 a
1125 2178 1264 2243 Stobceo

153 2281 220 2344 flor.
237 2282 287 2363 29,
305 2282 344 2343 91
368 2280 485 2343 rectius
508 2280 637 2343 affertur
655 2299 728 2343 cum
741 2281 889 2344 lemmate
903 2279 1083 2366 Δημάδσυς,
1107 2283 1148 2345 cd
1164 2304 1264 2366 quem

155 2387 270 2470 optime
292 2383 439 2468 quadrat,
463 2383 499 2446 cf.
521 2383 673 2464 Bernays
693 2383 838 2447 Phokion
860 2406 890 2469 p.
909 2387 979 2450 130.

238 2507 327 2570 Haec
353 2507 459 2568 omnio
480 2504 633 2568 habemus
654 2505 829 2590 fragmenta
851 2509 988 2589 quaein
1011 2507 1144 2572 Stobaeo
1168 2511 1262 2574 inve-

152 2613 300 2694 niuntur,
330 2615 426 2693 atque
455 2616 511 2673 out
541 2609 579 2672 ab
609 2612 669 2674 hoc
697 2616 754 2675 aut
784 2610 823 2674 ab
855 2612 923 2674 aliis
952 2611 1139 2675 Demonacti
1169 2617 1261 2678 attri-
1299 2660 1302 2673 .

151 2712 306 2779 buuntur.
343 2714 377 2779 Si
396 2715 634 2797 complectimur
649 2717 767 2797 omnia,
790 2716 853 2780 duo
875 2722 1000 2779 tentum
1019 2722 1152 2799 restant,
1175 2739 1261 2801 quae

151 2819 236 2882 hand
264 2819 359 2882 dubie
388 2818 591 2883 Demonactis
622 2827 705 2884 sunt.
760 2821 849 2884 Haec
878 2827 953 2884 sunt
982 2822 1259 2906 apophthegmata,

150 2926 185 2986 in
222 2923 338 3007 quibus
374 2923 542 2988 Demonax
578 2930 616 2987 ut
654 2928 747 2989 tertie.
782 2945 916 3009 persona
950 2927 1109 3009 loquitur:
1146 2928 1259 3011 itaque

151 3028 392 3093 Wachsmuthio
424 3031 632 3093 assentiemur
661 3030 814 3093 dicenti²z
848 3030 958 3094 ‘Nicht
987 3031 1110 3094 minder
1131 3033 1174 3094 ist
1201 3033 1261 3096 der

150 3132 296 3214 Kyniker
319 3130 499 3216 Demonax,
530 3153 593 3196 von
623 3133 694 3196 dem
720 3134 777 3197 das
798 3134 1058 3198 Pcrcilelenbuoh
1080 3136 1258 3200 zahlreiohe

152 3237 296 3301 Gnomen
325 3236 422 3318 citirt,
452 3238 498 3300 als
529 3237 752 3302 Schriftsteller
781 3238 852 3301 dem
874 3237 1027 3321 Stobeeus
1050 3239 1257 3303 unbekannt)

150 3345 285 3427 Appono
318 3340 464 3423 deinceps
497 3360 533 3404 ca
565 3341 756 3426 fragmento,
794 3362 875 3425 quae
907 3363 926 3406 a
958 3343 1091 3408 Stobaeo
1125 3346 1257 3408 omnino

238 3601 264 3667 1)
287 3598 389 3652 Eodem
412 3599 490 3652 modo
516 3614 557 3667 ap.
580 3597 650 3653 Max.
671 3598 711 3667 Π,
730 3599 779 3652 561
806 3600 833 3652 et
851 3600 948 3652 Anton.
973 3617 997 3668 p.
1016 3598 1062 3664 80,
1082 3601 1097 3652 7
1120 3603 1254 3658 sententia

149 3687 261 3743 uffertm
288 3702 351 3740 cum
374 3685 501 3740 lemmate
525 3689 714 3755 Δημοκρίτου,
741 3701 810 3754 quae
834 3685 863 3737 in
888 3685 1031 3739 Aeschinis
1056 3686 1255 3756 Ctesiphonteis

149 3773 233 3841 §147
252 3772 397 3827 invenitur.
433 3771 514 3840 Apud
532 3770 604 3826 Stob.
623 3771 679 3827 flor.
694 3772 736 3840 43,
750 3772 783 3824 35
801 3773 874 3825 recte
892 3788 954 3824 cum
972 3771 1096 3827 lemmate
1114 3777 1256 3843 Αἰσχίνου

149 3860 261 3930 legitur:
281 3861 329 3913 scd
344 3859 409 3913 huic
421 3875 526 3928 quoque
540 3859 598 3912 loco
613 3859 745 3912 sententia
757 3858 905 3914 Democriti
919 3860 1061 3913 antecedit.
1086 3860 1124 3914 Cf.
1137 3861 1253 3917 Wachs-

148 3947 235 4002 muth.
254 3945 329 4000 Stud.
349 3963 370 3998 ι,
390 3947 415 4001 d.
434 3945 533 4015 gricch.
551 3945 759 4016 Florilegicnp.
776 3944 835 4000 150.

237 4033 263 4099 2)
283 4033 468 4088 Wachsmuth.
488 4033 505 4087 l.
526 4051 547 4088 c.
566 4053 591 4103 p.
607 4035 663 4088 130.
783 4082 785 4088 .
