2820 4606
611 187 830 245 ..15-

254 359 304 422 Ao
321 361 460 442 primum
478 357 606 440 quidem
621 358 844 439 unusquisque
859 356 991 436 ridebit,
1012 376 1157 420 romanos
1174 360 1272 441 magi-

166 467 287 527 stratus
319 464 371 526 hio
404 462 638 525 aeouratissime
673 461 914 543 distinguendos
945 480 1013 524 esse
1046 461 1085 524 ab
1119 462 1274 545 aegyptiis

166 572 263 651 atque
285 566 524 647 discernendos,
552 585 657 648 noque
680 585 755 628 roro
778 567 836 645 ita,
864 571 901 629 ut
922 566 993 629 illos
1015 587 1034 628 a
1053 566 1204 629 Romanis
1226 568 1273 629 iu-

167 673 310 753 stitutos,
343 672 401 734 hos
431 676 575 753 acceptos
604 689 672 732 esso
702 690 720 733 o
749 689 860 753 regum
891 670 1086 753 temporibus
1116 672 1274 754 putemus,

166 777 223 841 sed
246 782 285 840 ut
307 778 429 840 romani
448 777 651 859 magistratus
674 797 692 837 a
708 775 873 857 Romania,
896 778 1036 860 aegyptii
1051 776 1090 839 ab
1106 779 1274 860 Aegyptiis

165 883 218 946 vel
239 882 349 965 potius
370 902 389 944 a
411 881 534 944 civibus
557 880 783 944 Alexandrinis
810 883 890 964 gesti
914 883 984 944 siut.
1031 881 1122 957 Quod
1146 882 1274 945 demon-

168 990 287 1050 stratur
305 1004 347 1049 ex
366 1005 411 1063 eo,
436 986 521 1069 quod
536 980 705 1068 ἰδιόλογος,
730 1005 923 1069 quamquam
937 987 1125 1049 Ptolemaeis
1139 1005 1274 1069 regnan-

169 1089 253 1154 tibus
273 1091 338 1153 iam
361 1090 546 1165 existebat,¹
572 1095 678 1153 tamen
700 1091 783 1153 inter
803 1110 950 1153 romanos
972 1092 1167 1173 nominatur,
1196 1111 1274 1174 quo·

168 1196 253 1258 niam
275 1215 295 1257 a
315 1194 466 1258 Romanis
489 1193 777 1259 administrabatur.

253 1298 379 1363 Deinde
401 1300 484 1362 iusto
504 1300 613 1363 ordine
628 1298 816 1363 Strabonem
833 1320 890 1383 pro
906 1301 1060 1384 dignitate
1075 1302 1274 1384 singulorum

167 1405 372 1489 magistratus
394 1423 579 1468 enumerare
602 1409 737 1488 apparet.
774 1405 856 1467 Nam
873 1410 904 1468 et
919 1401 1066 1491 ἐξηγητὴν
1084 1408 1147 1468 iam
1162 1413 1275 1470 ornatu

168 1516 265 1593 atque
286 1510 407 1573 honoro
429 1515 553 1592 praeter
575 1515 694 1573 eeteros
711 1510 836 1592 florere,
860 1515 891 1573 et
910 1508 1086 1590 viarepwdv
1101 1509 1275 1596 στρατηγὸν

168 1614 254 1677 haud
283 1615 444 1697 superiore
475 1616 543 1678 loco
568 1615 667 1679 fuisse
689 1635 785 1696 quani
806 1613 1031 1699 apprdiraoubv
1054 1634 1078 1678 s.
1101 1616 1275 1698 prinoipem

169 1719 277 1783 iudicii
297 1725 545 1783 consentaneum
568 1725 632 1783 est:
663 1722 771 1803 itaque
793 1720 833 1782 do
855 1721 1221 1804 hypomnematographo
1244 1724 1276 1782 et

168 1825 307 1908 principe
329 1825 437 1888 iudicii
458 1825 567 1888 eodem
588 1825 682 1887 modo
697 1825 901 1908 cogitandum
916 1844 984 1888 esse
998 1825 1175 1889 Lumbroso
1191 1830 1276 1889 reete

173 1928 390 1994 confirmarit2
433 1929 535 1993 Valde
562 1933 667 1993 autem
697 1932 808 2011 miror,
838 1930 923 2013 quod
951 1929 1149 2011 Rudorffius,
1180 1949 1275 2013 quem

174 2032 284 2097 eisdem
306 2033 371 2097 fere
393 2032 498 2097 verbis
521 2034 759 2118 Marquardtius
779 2036 936 2118 sequitur,
967 2036 1090 2098 etiamsi
1112 2037 1234 2098 iustum
1258 2054 1276 2096 a

171 2136 322 2203 Strabone
356 2140 498 2202 ordinem
533 2141 779 2223 magistratuum
813 2142 1022 2203 constitutum
1057 2159 1125 2204 esse
1160 2140 1276 2202 diserte

168 2241 316 2323 affirmat,
351 2248 457 2307 tamen
488 2245 555 2326 ipse
590 2245 699 2308 ordine
732 2249 924 2308 commutato
958 2245 1068 2308 iudicii
1101 2245 1275 2328 prinoipem

168 2352 240 2412 ante
275 2349 677 2433 hypomnematographum
715 2350 854 2414 oolloeat.
916 2349 1008 2425 Quod
1045 2349 1108 2411 nisi
1143 2348 1276 2429 fecisset,

169 2458 252 2518 certe
273 2473 383 2518 omnes
405 2455 610 2519 offendissent
630 2457 665 2517 in
687 2456 726 2517 iis
746 2474 827 2537 quae
849 2455 888 2518 de
910 2455 1275 2538 hypomnematographo

169 2559 270 2622 addit:
294 2558 366 2622 ‘der
385 2557 727 2646 rbuoprrpruaoypdqrop,
747 2559 804 2622 der
819 2558 954 2623 Gehulfe
970 2559 1025 2621 des
1040 2555 1274 2643 ἄρχιδικαστής,

170 2662 482 2728 Geriehtssohreiber.
526 2665 735 2729 Ausfiihrlioh
764 2662 943 2727 besehreibt
965 2663 1031 2725 dies
1053 2664 1132 2725 Amt
1153 2661 1275 2725 Lucian

168 2769 258 2853 Apol.
281 2790 327 2853 pr.
350 2787 443 2833 mere.
467 2769 556 2832 cond.
580 2770 677 2833 all.
700 2769 785 2832 127³

253 2874 368 2958 Neque
404 2876 489 2938 enim
525 2876 695 2957 quisquam
729 2870 1063 2959 dnopvqpuuoypdepor
1099 2872 1275 2936 adiutorem

169 2976 396 3064 ἀρχιδικαστοῦ
413 2979 512 3043 fuisse
529 2984 625 3063 atque
640 2981 854 3063 graphiarium
869 2978 1033 3060 concedet,
1057 2979 1084 3040 si
1102 2977 1275 3058 Strabonis,

170 3085 224 3168 qui
245 3103 320 3148 eum
342 3085 481 3149 seeundo
504 3085 572 3148 loeo
594 3086 751 3166 nominat,
774 3085 915 3147 ordinem
934 3085 1177 3146 conservaverit.
1213 3082 1275 3146 Sed

170 3189 291 3252 etiamsi
319 3189 462 3253 ordinem
484 3191 729 3274 magistratuum
751 3209 864 3272 parum
887 3188 1055 3272 diligenter
1081 3208 1100 3249 a
1121 3186 1274 3251 Strabone
1344 3244 1350 3257 ‚

169 3295 377 3358 constitutum
409 3314 477 3358 esse
507 3295 686 3376 credamus,
718 3294 875 3376 quomodo
906 3294 975 3357 fieri
1003 3294 1119 3376 potuit,
1148 3296 1185 3355 ut
1212 3291 1275 3353 tale

171 3400 264 3481 quale
291 3398 475 3463 Rudorffius
505 3400 864 3483 hypomnematographi
895 3398 994 3462 fuisse
1027 3399 1128 3461 voluit
1156 3415 1276 3459 munus

256 3607 284 3672 1)
302 3607 336 3661 ef.
353 3605 524 3674 Marquardt,
544 3604 804 3673 Staatsrorwaltrmg
822 3605 843 3658 Ι.
864 3605 933 3658 Aufl.
952 3603 981 3658 H
1000 3620 1026 3672 p.
1041 3601 1101 3655 299.

257 3693 284 3761 2)
302 3693 411 3747 Rivista
429 3693 457 3746 di
475 3692 538 3746 filol.
557 3692 576 3745 l.
595 3709 618 3746 e.

257 3781 283 3846 3)
301 3781 332 3834 in
348 3780 418 3834 Mus.
431 3780 517 3848 Eheu,
536 3780 565 3833 H
583 3797 608 3848 p.
622 3779 657 3832 82
675 3796 717 3833 an.
732 3779 756 3846 9,
776 3779 810 3831 ef.
828 3777 998 3846 Marquardt‚
1018 3775 1275 3844 Staatsverwaltung

171 3868 192 3922 Ι.
206 3868 275 3922 lun.
293 3870 308 3923 I
330 3886 356 3937 p.
373 3868 434 3921 297.
469 3868 503 3921 In
521 3867 605 3922 altera
624 3868 740 3921 editione
759 3866 850 3933 (1881)
869 3865 1071 3933 Marquardtius
1089 3865 1157 3918 haee
1176 3865 1275 3931 omisit,

171 3955 261 4009 attulit
281 3957 373 4010 tamen
394 3955 508 4010 Lueiani
533 3954 624 4010 looum
647 3953 723 4023 Apol.
746 3953 786 4007 12.
823 3952 1006 4006 liitzsehium
1030 3969 1063 4005 ne
1089 3953 1140 4005 hoo
1165 3952 1276 4021 quidem

171 4041 228 4097 looo
244 4042 402 4099 nominarit.
986 4036 993 4047 ’
