2820 4606
440 224 741 284 .—39-

81 397 197 479 potuit,
221 401 259 458 ut
273 395 358 458 aliud
373 395 597 477 temperantiae
614 395 818 458 simulacrum
833 394 1027 459 nobilissimo
1042 394 1183 458 Romano

81 504 281 582 proponeret,
311 499 372 562 nisi
393 500 497 581 ipsum
520 497 640 562 Divum
669 517 763 582 quem
784 517 892 561 omnes
915 497 976 561 sibi
995 498 1183 562 imitandum

82 608 293 687 srmrpserunt.
338 604 489 666 Attamen
510 603 600 666 hanc.
614 622 742 687 quoque
764 604 977 666 narrationem
1000 623 1065 666 non
1087 603 1184 668 latine

82 708 135 772 sed
157 726 268 791 graece
285 707 432 789 scriptam
454 708 564 789 fuisso,
586 727 660 770 cum
682 706 841 770 Lucienus
864 727 933 770 eam
951 707 1085 791 legeret,
1113 707 1185 772 lnce

82 813 197 876 clarius
221 811 428 875 demonstrari
450 816 560 895 potest.
607 811 691 887 Quid
710 812 819 874 enim?
849 811 982 875 libertus
1004 831 1077 874 cum
1098 810 1186 876 festi-

82 917 197 998 nandi,
219 923 255 979 ut
275 917 392 999 gratias
414 921 536 999 ageret,
565 915 669 979 studio
691 917 868 980 concitatus
890 916 1017 1000 linguae
1039 917 1130 998 lapsu
1151 917 1184 979 in

82 1022 134 1085 illa
155 1021 288 1095 ‘eoaeg'
312 1025 343 1084 et
366 1013 514 1096 ‘deicae’
538 1021 720 1103 incidisset,
747 1040 827 1084 num
849 1020 935 1084 aliud
958 1020 1132 1104 quidquam
1151 1022 1185 1083 in

82 1127 186 1190 anime
207 1125 330 1205 habuit,
353 1126 416 1188 msi
437 1143 586 1208 graeca
609 1145 691 1208 quae
714 1131 792 1189 sunt
815 1125 953 1201 ‘antee’
976 1130 1008 1189 et
1027 1120 1184 1201 (δικαίως

82 1230 200 1295 verbe?
245 1230 352 1313 Atque
375 1231 469 1293 etiem
489 1230 693 1314 Augustum,
727 1231 842 1314 qnippe
867 1232 923 1313 qui
952 1250 1003 1292 vv.
1028 1228 1184 1313 ‘pierre'

83 1341 112 1400 et
135 1333 272 1419 ‘yvoipq'
294 1333 430 1416 luderet,
451 1353 562 1417 graece
583 1335 782 1417 respondisse
804 1333 1007 1419 manifestum
1028 1339 1083 1398 est.

166 1439 220 1502 En
252 1439 385 1502 eliorum
418 1441 578 1521 omnium,
610 1441 665 1523 qui
692 1445 764 1503 ante
793 1439 1021 1503 Samosetensis
1046 1445 1187 1522 tempora

84 1545 249 1625 vixerunt,
277 1546 505 1625 imperatorum
532 1563 664 1608 numero
687 1544 770 1608 Nero
799 1544 886 1607 solus
912 1545 947 1606 in
974 1544 994 1606 l.
1025 1543 1064 1607 de
1087 1543 1186 1607 saltet.

85 1667 123 1713 ee.
149 1650 190 1711 63
216 1648 312 1711 0164
336 1653 620 1731 commemoratur,
642 1668 706 1711 non
731 1669 788 1712 sue
811 1653 932 1729 tamen,
953 1648 1007 1712 sed
1030 1648 1187 1712 saltatoris

86 1754 246 1818 cuiusdam
270 1772 379 1834 causa,
412 1754 468 1836 qui
494 1773 531 1817 eo
561 1759 701 1837 tempore
734 1753 869 1816 floruit.¹
921 1752 973 1815 Ex
1003 1753 1188 1835 aequalibus

88 1857 226 1922 Marcum
249 1858 392 1922 nominet
412 1860 446 1921 in
460 1859 552 1922 Alex.
576 1879 601 1921 c.
617 1860 668 1922 48.
713 1857 850 1922 Νο01100
865 1859 981 1922 omisso
995 1857 1033 1921 de
1056 1859 1189 1940 impera-

92 1966 153 2026 tore
173 1963 309 2046 quedam
333 1962 385 2047 (de
408 1963 465 2026 Pio
487 1961 632 2048 fortasse)
655 1964 798 2046 loquitur
819 1964 853 2024 in
868 1963 888 2025 l.
901 1962 928 2026 d.
945 1961 1071 2045 Peregr.
1086 1967 1188 2025 morte

92 2068 179 2131 cl8.
236 2067 369 2151 Saepius
403 2068 485 2132 belle
523 2069 562 2132 iis
595 2067 788 2150 temporibus
825 2072 915 2151 gesta
950 2067 1188 2130 commemorari

88 2177 329 2236 consentaneum
352 2173 437 2256 est‚²
471 2173 526 2237 sed
556 2192 596 2236 ne
623 2172 756 2236 verbum
780 2171 908 2255 quidem
936 2171 1052 2234 dicitnr
1080 2171 1119 2235 de
1139 2172 1188 2254 iis,

86 2295 162 2359 quae
186 2281 279 2339 antea
301 2282 390 2360 gesta
411 2282 487 2340 sunt
509 2298 528 2341 a
549 2276 701 2340 Romanis
723 2275 889 2360 praeclara.
1007 2330 1009 2334 ,

169 2379 261 2456 Quod
283 2382 412 2445 fertmto
434 2382 554 2445 factum
568 2401 637 2446 esse
659 2386 743 2444 certe
764 2400 858 2444 nemo
874 2380 1029 2464 cogitabit.
1075 2379 1188 2462 itaque

85 2483 220 2550 Cobetus
235 2487 269 2547 in
284 2507 348 2550 var.
363 2487 433 2550 lect.
448 2507 478 2569 p.
496 2488 574 2551 351:
591 2485 865 2567 ‘Nonnunquam',
886 2486 1000 2568 inquit,
1015 2483 1188 2547 ‘Lucienus

83 2590 165 2653 rodit
184 2590 345 2654 Romanos
368 2597 400 2655 et
421 2611 552 2655 romane
573 2592 667 2671 vitia,
699 2589 754 2654 sed
774 2594 855 2654 tecte
877 2595 909 2652 01
930 2589 1125 2671 cautissime,
1157 2592 1190 2650 01

83 2696 114 2757 10
143 2694 273 2777 palliata
299 2695 406 2759 fabula
433 2702 560 2780 gentem
590 2700 729 2779 togatam
760 2694 891 2758 obscure
921 2692 1118 2777 perstringit'
1157 2697 1189 2756 ot

84 2818 190 2881 porro:
222 2800 355 2882 ‘passim
384 2801 417 2862 in
439 2800 522 2864 fictis
544 2806 754 2881 tyrannorum
781 2799 924 2882 personis
952 2802 983 2860 01
1005 2797 1189 2860 nominibus

84 2907 241 2966 terrarum
264 2904 408 2968 domines
431 2906 564 2988 castigat
584 2905 636 2968 vel
658 2904 758 2968 ridet'

172 3006 260 3082 Quae
293 3029 485 3092 quemqnam
516 3010 631 3093 partim
659 3008 754 3091 paulo
787 3005 985 3070 artificiosius
1014 3007 1190 3089 excogitata

85 3111 262 3194 videntur,³
283 3115 316 3176 in
341 3117 526 3178 universum
552 3115 719 3195 rationem,
748 3131 829 3196 quae
851 3113 936 3176 111101
958 3112 1136 3176 Lucienum
1158 3117 1190 3174 et

84 3215 241 3280 Romanos
267 3218 493 3300 intercedebat,
521 3219 693 3282 rectissime
719 3216 893 3300 designant.
948 3217 1078 3281 Veritus
1105 3217 1189 3280 enim

85 3458 164 3513 efiem
184 3458 267 3512 Arist.
281 3458 350 3512 rhet.
362 3458 384 3526 I,
404 3475 429 3526 p.
443 3458 477 3511 53
497 3457 600 3524 (Dind.)
617 3457 764 3511 exclamat:
784 3433 818 3507 'id
836 3457 949 3525 φίλτατε
964 3450 1126 3524 Ἡράκλεις’.
1155 3458 1189 3510 cf.
1277 3491 1280 3497 -

85 3544 183 3599 Votum
197 3545 405 3599 Atheniensium
424 3546 495 3613 apud
506 3545 629 3600 Marcum
640 3545 806 3599 Antoninum
827 3544 968 3597 comment.
998 3541 1031 3608 V,
1051 3543 1066 3594 7
1073 3561 1079 3595 :
1100 3537 1190 3609 ‘ecoe

86 3625 198 3696 11001101
217 3635 279 3698 φίλε
299 3633 368 3685 Ζεῡ’.

171 3720 197 3786 1)
216 3718 286 3773 Dial.
302 3719 348 3787 qui
361 3721 473 3774 voeaun
486 3722 580 3787 Νέρων
595 3722 610 3784 ἢ
625 3720 688 3787 περὶ
701 3727 748 3783 τῆς
761 3720 861 3788 ὀρυχῆς
872 3725 921 3768 τοῦ
936 3709 1054 3784 Ἰσθμοῦ
1066 3717 1189 3784 spurium

85 3822 142 3861 esse
159 3805 230 3859 inter
249 3822 341 3859 omnes
360 3808 471 3860 constat.

170 3893 196 3959 2)
215 3892 292 3947 Alex.
307 3909 329 3946 c.
343 3892 385 3945 48.
405 3892 438 3946 de
455 3892 519 3946 hist.
534 3908 636 3947 censer.
656 3893 696 3946 15.
710 3891 752 3946 25.
765 3891 806 3944 27.

169 3981 197 4047 3)
217 3978 262 4034 sie
281 3979 310 4033 in
327 3982 503 4049 tyrannorum
521 3979 642 4048 personis
660 3978 731 4032 nihil
746 3980 779 4031 de
792 3976 933 4032 Romanis:
953 3975 1094 4032 Platonem
1111 3993 1188 4031 secu-

84 4068 127 4122 tus
145 4083 191 4122 eos
209 4066 353 4137 castigavit
371 4066 516 4131 Lucienus,
539 4067 572 4121 ef.
591 4065 722 4120 Ilritzsch.
741 4065 771 4119 in
791 4064 855 4119 edit.
873 4063 924 4130 ΠΙ,
944 4063 968 4133 2,
986 4081 1012 4132 p.
1025 4063 1084 4116 149.
