<?xml version="1.0" encoding="UTF-8"?>
<!DOCTYPE html PUBLIC "-//W3C//DTD XHTML 1.0 Transitional//EN"
    "http://www.w3.org/TR/xhtml1/DTD/xhtml1-transitional.dtd">
<html xmlns="http://www.w3.org/1999/xhtml" xml:lang="en" lang="en">
 <head>
  <title>
</title>
<meta http-equiv="Content-Type" content="text/html;charset=utf-8" />
  <meta name='ocr-system' content='tesseract 3.04.00' />
  <meta name='ocr-capabilities' content='ocr_page ocr_carea ocr_par ocr_line ocrx_word'/>
</head>
<body>
  <div class='ocr_page' id='page_1' title='image "./quaestionumluci00thimgoog_0044.png"; bbox 0 0 2820 4606; ppageno 0'>
   <div class='ocr_carea' id='block_1_1' title="bbox 590 174 806 230">
    <p class='ocr_par' dir='ltr' id='par_1_1' title="bbox 590 174 806 230">
     <span class='ocr_line' id='line_1_1' title="bbox 590 174 806 230; baseline -0.005 -16"><span class='ocrx_word' id='word_1_1' title='bbox 590 174 806 230; x_wconf 67' lang='lat'>„17-</span> 
     </span>
    </p>
   </div>
   <div class='ocr_carea' id='block_1_2' title="bbox 94 342 1277 3570">
    <p class='ocr_par' dir='ltr' id='par_1_2' title="bbox 146 342 1255 957">
     <span class='ocr_line' id='line_1_2' title="bbox 146 342 1252 423; baseline -0.005 -9"><span class='ocrx_word' id='word_1_2' title='bbox 146 369 267 414; x_wconf 90' lang='lat' dir='ltr'>munus</span> <span class='ocrx_word' id='word_1_3' title='bbox 298 349 365 411; x_wconf 89' lang='lat' dir='ltr'>sine</span> <span class='ocrx_word' id='word_1_4' title='bbox 394 343 538 408; x_wconf 82' lang='lat' dir='ltr'>mercede</span> <span class='ocrx_word' id='word_1_5' title='bbox 567 342 820 405; x_wconf 88' lang='lat' dir='ltr'>administratum</span> <span class='ocrx_word' id='word_1_6' title='bbox 847 359 915 403; x_wconf 91' lang='lat' dir='ltr'>esse</span> <span class='ocrx_word' id='word_1_7' title='bbox 944 342 1076 423; x_wconf 81' lang='lat' dir='ltr'>scimus,</span> <span class='ocrx_word' id='word_1_8' title='bbox 1117 363 1190 406; x_wconf 92' lang='lat' dir='ltr'>cum</span> <span class='ocrx_word' id='word_1_9' title='bbox 1217 346 1252 408; x_wconf 90' lang='lat' dir='ltr'>in</span> 
     </span>
     <span class='ocr_line' id='line_1_3' title="bbox 147 431 1252 536; baseline -0.005 -17"><span class='ocrx_word' id='word_1_10' title='bbox 147 474 281 519; x_wconf 92' lang='lat' dir='ltr'>numero</span> <span class='ocrx_word' id='word_1_11' title='bbox 310 431 463 536; x_wconf 69' lang='grc' dir='ltr'><em>χοιρινῶν</em></span> <span class='ocrx_word' id='word_1_12' title='bbox 482 448 684 531; x_wconf 76' lang='grc' dir='ltr'><em>λειτουργιῶν</em></span> <span class='ocrx_word' id='word_1_13' title='bbox 715 451 812 528; x_wconf 80' lang='lat' dir='ltr'>esset,</span> <span class='ocrx_word' id='word_1_14' title='bbox 845 466 863 508; x_wconf 91' lang='lat' dir='ltr'>a</span> <span class='ocrx_word' id='word_1_15' title='bbox 891 447 1008 529; x_wconf 91' lang='lat' dir='ltr'>quibus</span> <span class='ocrx_word' id='word_1_16' title='bbox 1045 451 1252 533; x_wconf 79' lang='lat' dir='ltr'>suscipiendis</span> 
     </span>
     <span class='ocr_line' id='line_1_4' title="bbox 148 551 1253 637; baseline -0.004 -13"><span class='ocrx_word' id='word_1_17' title='bbox 148 563 235 624; x_wconf 87' lang='lat' dir='ltr'>cives</span> <span class='ocrx_word' id='word_1_18' title='bbox 259 557 471 622; x_wconf 78' lang='lat' dir='ltr'>Alexandriae</span> <span class='ocrx_word' id='word_1_19' title='bbox 493 555 616 617; x_wconf 83' lang='lat' dir='ltr'>liberati</span> <span class='ocrx_word' id='word_1_20' title='bbox 646 555 760 616; x_wconf 88' lang='lat' dir='ltr'>crant¹</span> <span class='ocrx_word' id='word_1_21' title='bbox 805 551 886 614; x_wconf 88' lang='lat' dir='ltr'>Loco</span> <span class='ocrx_word' id='word_1_22' title='bbox 911 564 1091 637; x_wconf 77' lang='grc' dir='ltr'><em>στρατηγῶν</em></span> <span class='ocrx_word' id='word_1_23' title='bbox 1118 556 1149 616; x_wconf 90' lang='lat' dir='ltr'>in</span> <span class='ocrx_word' id='word_1_24' title='bbox 1174 556 1253 619; x_wconf 88' lang='lat' dir='ltr'>urbe</span> 
     </span>
     <span class='ocr_line' id='line_1_5' title="bbox 151 657 1254 749; baseline -0.004 -21"><span class='ocrx_word' id='word_1_25' title='bbox 151 669 301 749; x_wconf 88' lang='lat' dir='ltr'>quattuor</span> <span class='ocrx_word' id='word_1_26' title='bbox 338 663 385 725; x_wconf 88' lang='lat' dir='ltr'>illi</span> <span class='ocrx_word' id='word_1_27' title='bbox 418 661 619 743; x_wconf 77' lang='lat' dir='ltr'>magistratus</span> <span class='ocrx_word' id='word_1_28' title='bbox 660 657 824 741; x_wconf 86' lang='lat' dir='ltr'>constituti</span> <span class='ocrx_word' id='word_1_29' title='bbox 858 659 992 719; x_wconf 76' lang='lat' dir='ltr'>erant22</span> <span class='ocrx_word' id='word_1_30' title='bbox 1029 659 1136 742; x_wconf 86' lang='lat' dir='ltr'>itaque</span> <span class='ocrx_word' id='word_1_31' title='bbox 1170 663 1254 724; x_wconf 88' lang='lat' dir='ltr'>cives</span> 
     </span>
     <span class='ocr_line' id='line_1_6' title="bbox 149 761 1255 848; baseline -0.005 -15"><span class='ocrx_word' id='word_1_32' title='bbox 149 769 398 848; x_wconf 76' lang='lat' dir='ltr'>Alexandrinos,</span> <span class='ocrx_word' id='word_1_33' title='bbox 419 774 561 848; x_wconf 80' lang='grc' dir='ltr'><em>χοιρινῶν</em></span> <span class='ocrx_word' id='word_1_34' title='bbox 584 762 760 843; x_wconf 79' lang='lat' dir='ltr'>absolutos,</span> <span class='ocrx_word' id='word_1_35' title='bbox 783 761 832 824; x_wconf 91' lang='lat' dir='ltr'>his</span> <span class='ocrx_word' id='word_1_36' title='bbox 846 761 1031 838; x_wconf 77' lang='grc' dir='ltr'><em>πολιτικαῖς</em></span> <span class='ocrx_word' id='word_1_37' title='bbox 1045 768 1082 826; x_wconf 88' lang='lat' dir='ltr'>ut</span> <span class='ocrx_word' id='word_1_38' title='bbox 1096 765 1140 826; x_wconf 88' lang='lat' dir='ltr'>ita</span> <span class='ocrx_word' id='word_1_39' title='bbox 1154 764 1255 828; x_wconf 89' lang='lat' dir='ltr'>dicam</span> 
     </span>
     <span class='ocr_line' id='line_1_7' title="bbox 149 867 1047 957; baseline -0.012 -19"><span class='ocrx_word' id='word_1_40' title='bbox 149 867 363 957; x_wconf 72' lang='grc' dir='ltr'><em>λειτουργίαις</em></span> <span class='ocrx_word' id='word_1_41' title='bbox 383 890 459 934; x_wconf 88' lang='lat' dir='ltr'>usos</span> <span class='ocrx_word' id='word_1_42' title='bbox 482 888 549 932; x_wconf 91' lang='lat' dir='ltr'>esse</span> <span class='ocrx_word' id='word_1_43' title='bbox 573 869 645 951; x_wconf 88' lang='lat' dir='ltr'>quis</span> <span class='ocrx_word' id='word_1_44' title='bbox 668 871 716 929; x_wconf 92' lang='lat' dir='ltr'>est</span> <span class='ocrx_word' id='word_1_45' title='bbox 739 867 817 949; x_wconf 89' lang='lat' dir='ltr'>quin</span> <span class='ocrx_word' id='word_1_46' title='bbox 839 867 968 930; x_wconf 79' lang='lat' dir='ltr'>videat?</span> <span class='ocrx_word' id='word_1_47' title='bbox 1041 924 1047 934; x_wconf 85' lang='grc'><em>,</em></span> 
     </span>
    </p>

    <p class='ocr_par' dir='ltr' id='par_1_3' title="bbox 151 971 1260 1565">
     <span class='ocr_line' id='line_1_8' title="bbox 241 971 1256 1058; baseline -0.003 -17"><span class='ocrx_word' id='word_1_48' title='bbox 241 977 302 1042; x_wconf 82' lang='lat' dir='ltr'>Sed</span> <span class='ocrx_word' id='word_1_49' title='bbox 326 977 352 1039; x_wconf 91' lang='lat' dir='ltr'>si</span> <span class='ocrx_word' id='word_1_50' title='bbox 376 976 448 1058; x_wconf 91' lang='lat' dir='ltr'>quis</span> <span class='ocrx_word' id='word_1_51' title='bbox 477 975 527 1036; x_wconf 89' lang='lat' dir='ltr'>his</span> <span class='ocrx_word' id='word_1_52' title='bbox 549 972 724 1035; x_wconf 88' lang='lat' dir='ltr'>rationibus</span> <span class='ocrx_word' id='word_1_53' title='bbox 746 971 897 1054; x_wconf 78' lang='lat' dir='ltr'>neglectis</span> <span class='ocrx_word' id='word_1_54' title='bbox 920 977 1025 1035; x_wconf 85' lang='lat' dir='ltr'>tamen</span> <span class='ocrx_word' id='word_1_55' title='bbox 1053 973 1091 1035; x_wconf 92' lang='lat' dir='ltr'>de</span> <span class='ocrx_word' id='word_1_56' title='bbox 1114 975 1256 1038; x_wconf 85' lang='lat' dir='ltr'>mercede</span> 
     </span>
     <span class='ocr_line' id='line_1_9' title="bbox 151 1076 1257 1164; baseline -0.005 -17"><span class='ocrx_word' id='word_1_57' title='bbox 151 1086 281 1147; x_wconf 89' lang='lat' dir='ltr'>illorum</span> <span class='ocrx_word' id='word_1_58' title='bbox 302 1082 545 1164; x_wconf 86' lang='lat' dir='ltr'>magistratumn</span> <span class='ocrx_word' id='word_1_59' title='bbox 560 1078 754 1160; x_wconf 80' lang='lat' dir='ltr'>cogitaverit,</span> <span class='ocrx_word' id='word_1_60' title='bbox 777 1076 952 1139; x_wconf 85' lang='lat' dir='ltr'>mercedem</span> <span class='ocrx_word' id='word_1_61' title='bbox 975 1078 1133 1140; x_wconf 82' lang='lat' dir='ltr'>acivitate</span> <span class='ocrx_word' id='word_1_62' title='bbox 1154 1079 1257 1141; x_wconf 84' lang='lat' dir='ltr'>datam</span> 
     </span>
     <span class='ocr_line' id='line_1_10' title="bbox 155 1181 1255 1264; baseline -0.005 -12"><span class='ocrx_word' id='word_1_63' title='bbox 155 1207 222 1252; x_wconf 89' lang='lat' dir='ltr'>esse</span> <span class='ocrx_word' id='word_1_64' title='bbox 239 1185 467 1264; x_wconf 81' lang='lat' dir='ltr'>Alexandrina,</span> <span class='ocrx_word' id='word_1_65' title='bbox 489 1202 554 1245; x_wconf 92' lang='lat' dir='ltr'>non</span> <span class='ocrx_word' id='word_1_66' title='bbox 570 1181 608 1244; x_wconf 94' lang='lat' dir='ltr'>ab</span> <span class='ocrx_word' id='word_1_67' title='bbox 624 1183 810 1264; x_wconf 87' lang='lat' dir='ltr'>imperatore</span> <span class='ocrx_word' id='word_1_68' title='bbox 825 1200 954 1243; x_wconf 91' lang='lat' dir='ltr'>romano</span> <span class='ocrx_word' id='word_1_69' title='bbox 970 1183 1127 1245; x_wconf 82' lang='lat' dir='ltr'>concedet:</span> <span class='ocrx_word' id='word_1_70' title='bbox 1147 1182 1255 1246; x_wconf 90' lang='lat' dir='ltr'>Lucia·</span> 
     </span>
     <span class='ocr_line' id='line_1_11' title="bbox 155 1281 1259 1371; baseline -0.005 -15"><span class='ocrx_word' id='word_1_71' title='bbox 155 1312 217 1356; x_wconf 92' lang='lat' dir='ltr'>nus</span> <span class='ocrx_word' id='word_1_72' title='bbox 248 1308 325 1354; x_wconf 81' lang='lat' dir='ltr'>vero</span> <span class='ocrx_word' id='word_1_73' title='bbox 363 1287 468 1371; x_wconf 72' lang='lat' dir='ltr'>‘nepot</span> <span class='ocrx_word' id='word_1_74' title='bbox 493 1296 550 1349; x_wconf 82' lang='grc' dir='ltr'>τοῦ</span> <span class='ocrx_word' id='word_1_75' title='bbox 571 1281 748 1368; x_wconf 59' lang='grc' dir='ltr'><em>’βασιλέως</em></span> <span class='ocrx_word' id='word_1_76' title='bbox 783 1286 931 1348; x_wconf 84' lang='lat' dir='ltr'>salarium</span> <span class='ocrx_word' id='word_1_77' title='bbox 965 1289 1090 1369; x_wconf 90' lang='lat' dir='ltr'>accepit.</span> <span class='ocrx_word' id='word_1_78' title='bbox 1143 1288 1259 1351; x_wconf 91' lang='lat' dir='ltr'>Procul</span> 
     </span>
     <span class='ocr_line' id='line_1_12' title="bbox 157 1391 1260 1478; baseline -0.005 -18"><span class='ocrx_word' id='word_1_79' title='bbox 157 1397 252 1460; x_wconf 90' lang='lat' dir='ltr'>dubio</span> <span class='ocrx_word' id='word_1_80' title='bbox 267 1396 367 1478; x_wconf 84' lang='lat' dir='ltr'>igitur</span> <span class='ocrx_word' id='word_1_81' title='bbox 389 1397 419 1455; x_wconf 91' lang='lat' dir='ltr'>et</span> <span class='ocrx_word' id='word_1_82' title='bbox 441 1391 824 1475; x_wconf 84' lang='lat' dir='ltr'>hypomnematographus</span> <span class='ocrx_word' id='word_1_83' title='bbox 841 1394 872 1453; x_wconf 90' lang='lat' dir='ltr'>et</span> <span class='ocrx_word' id='word_1_84' title='bbox 887 1392 982 1453; x_wconf 84' lang='lat' dir='ltr'>ceteri</span> <span class='ocrx_word' id='word_1_85' title='bbox 996 1392 1044 1453; x_wconf 91' lang='lat' dir='ltr'>illi</span> <span class='ocrx_word' id='word_1_86' title='bbox 1058 1394 1260 1476; x_wconf 82' lang='lat' dir='ltr'>magistratus</span> 
     </span>
     <span class='ocr_line' id='line_1_13' title="bbox 156 1496 633 1565; baseline -0.013 -1"><span class='ocrx_word' id='word_1_87' title='bbox 156 1503 240 1565; x_wconf 89' lang='lat' dir='ltr'>cives</span> <span class='ocrx_word' id='word_1_88' title='bbox 263 1497 475 1562; x_wconf 81' lang='lat' dir='ltr'>Alexandrini</span> <span class='ocrx_word' id='word_1_89' title='bbox 496 1496 633 1559; x_wconf 86' lang='lat' dir='ltr'>fuerunt.</span> 
     </span>
    </p>

    <p class='ocr_par' dir='ltr' id='par_1_4' title="bbox 94 1601 1273 2942">
     <span class='ocr_line' id='line_1_14' title="bbox 244 1601 1262 1684; baseline -0.003 -17"><span class='ocrx_word' id='word_1_90' title='bbox 244 1602 391 1684; x_wconf 89' lang='lat' dir='ltr'>Denique</span> <span class='ocrx_word' id='word_1_91' title='bbox 413 1601 493 1664; x_wconf 91' lang='lat' dir='ltr'>illud</span> <span class='ocrx_word' id='word_1_92' title='bbox 517 1619 644 1683; x_wconf 87' lang='lat' dir='ltr'>quoque</span> <span class='ocrx_word' id='word_1_93' title='bbox 667 1619 911 1663; x_wconf 90' lang='lat' dir='ltr'>commemorare</span> <span class='ocrx_word' id='word_1_94' title='bbox 933 1601 1017 1683; x_wconf 79' lang='lat' dir='ltr'>volo,</span> <span class='ocrx_word' id='word_1_95' title='bbox 1046 1601 1132 1684; x_wconf 91' lang='lat' dir='ltr'>quod</span> <span class='ocrx_word' id='word_1_96' title='bbox 1155 1601 1262 1666; x_wconf 82' lang='lat' dir='ltr'>Samo-</span> 
     </span>
     <span class='ocr_line' id='line_1_15' title="bbox 157 1700 1261 1792; baseline -0.004 -19"><span class='ocrx_word' id='word_1_97' title='bbox 157 1709 293 1774; x_wconf 86' lang='lat' dir='ltr'>satensis</span> <span class='ocrx_word' id='word_1_98' title='bbox 308 1708 327 1770; x_wconf 93' lang='lat' dir='ltr'>l.</span> <span class='ocrx_word' id='word_1_99' title='bbox 341 1726 366 1769; x_wconf 91' lang='lat' dir='ltr'>c.</span> <span class='ocrx_word' id='word_1_100' title='bbox 390 1726 414 1768; x_wconf 95' lang='lat' dir='ltr'>c.</span> <span class='ocrx_word' id='word_1_101' title='bbox 429 1707 486 1768; x_wconf 85' lang='lat'>12:</span> <span class='ocrx_word' id='word_1_102' title='bbox 513 1702 565 1767; x_wconf 73' lang='grc' dir='ltr'>ίοὗ</span> <span class='ocrx_word' id='word_1_103' title='bbox 582 1704 702 1792; x_wconf 78' lang='grc' dir='ltr'><em>φαῦλαι</em></span> <span class='ocrx_word' id='word_1_104' title='bbox 712 1700 873 1784; x_wconf 75' lang='grc' dir='ltr'><em>·ε’λντι’δες’,</em></span> <span class='ocrx_word' id='word_1_105' title='bbox 896 1707 1016 1788; x_wconf 83' lang='lat' dir='ltr'>inquit,</span> <span class='ocrx_word' id='word_1_106' title='bbox 1041 1701 1084 1769; x_wconf 75' lang='lat' dir='ltr'>‘el</span> <span class='ocrx_word' id='word_1_107' title='bbox 1098 1706 1139 1769; x_wconf 85' lang='grc' dir='ltr'>τὰ</span> <span class='ocrx_word' id='word_1_108' title='bbox 1154 1701 1261 1770; x_wconf 76' lang='grc' dir='ltr'><em>εἰκότα</em></span> 
     </span>
     <span class='ocr_line' id='line_1_16' title="bbox 159 1803 1254 1899; baseline -0.005 -23"><span class='ocrx_word' id='word_1_109' title='bbox 159 1810 314 1899; x_wconf 79' lang='grc' dir='ltr'><em>γίγνοιτο,</em></span> <span class='ocrx_word' id='word_1_110' title='bbox 339 1803 405 1872; x_wconf 72' lang='grc' dir='ltr'><em>ἀλλ’</em></span> <span class='ocrx_word' id='word_1_111' title='bbox 424 1803 521 1884; x_wconf 73' lang='grc' dir='ltr'><em>ἔθνος</em></span> <span class='ocrx_word' id='word_1_112' title='bbox 536 1806 753 1894; x_wconf 69' lang='grc' dir='ltr'><em>ἐπιτραπῆναι</em></span> <span class='ocrx_word' id='word_1_113' title='bbox 771 1805 788 1894; x_wconf 70' lang='grc' dir='ltr'><strong><em>ἢ</em></strong></span> <span class='ocrx_word' id='word_1_114' title='bbox 802 1831 891 1884; x_wconf 87' lang='grc' dir='ltr'><em>τινας</em></span> <span class='ocrx_word' id='word_1_115' title='bbox 906 1806 1003 1884; x_wconf 74' lang='grc' dir='ltr'><em>ἄλλοις</em></span> <span class='ocrx_word' id='word_1_116' title='bbox 1017 1808 1152 1894; x_wconf 76' lang='grc' dir='ltr'><em>πράξεις</em></span> <span class='ocrx_word' id='word_1_117' title='bbox 1166 1814 1254 1890; x_wconf 80' lang='grc' dir='ltr'><em>βασι-</em></span> 
     </span>
     <span class='ocr_line' id='line_1_17' title="bbox 164 1915 1261 1999; baseline 0 -20"><span class='ocrx_word' id='word_1_118' title='bbox 164 1915 272 1992; x_wconf 64' lang='grc' dir='ltr'><em>λικάς]</em></span> <span class='ocrx_word' id='word_1_119' title='bbox 314 1915 448 1979; x_wconf 82' lang='lat' dir='ltr'>Etiamsi</span> <span class='ocrx_word' id='word_1_120' title='bbox 470 1915 545 1977; x_wconf 86' lang='lat' dir='ltr'>talia</span> <span class='ocrx_word' id='word_1_121' title='bbox 569 1933 676 1977; x_wconf 91' lang='lat' dir='ltr'>senem</span> <span class='ocrx_word' id='word_1_122' title='bbox 699 1919 859 1977; x_wconf 82' lang='lat' dir='ltr'>extremae</span> <span class='ocrx_word' id='word_1_123' title='bbox 881 1917 991 1977; x_wconf 86' lang='lat' dir='ltr'>aetatis</span> <span class='ocrx_word' id='word_1_124' title='bbox 1019 1917 1098 1978; x_wconf 94' lang='lat' dir='ltr'>serio</span> <span class='ocrx_word' id='word_1_125' title='bbox 1123 1935 1261 1999; x_wconf 78' lang='lat' dir='ltr'>sperasse</span> 
     </span>
     <span class='ocr_line' id='line_1_18' title="bbox 165 2018 1265 2106; baseline 0.001 -23"><span class='ocrx_word' id='word_1_126' title='bbox 165 2023 223 2085; x_wconf 84' lang='lat' dir='ltr'>vix</span> <span class='ocrx_word' id='word_1_127' title='bbox 242 2020 398 2106; x_wconf 88' lang='lat' dir='ltr'>probabile</span> <span class='ocrx_word' id='word_1_128' title='bbox 421 2021 474 2102; x_wconf 75' lang='lat' dir='ltr'>sit,</span> <span class='ocrx_word' id='word_1_129' title='bbox 497 2025 601 2082; x_wconf 89' lang='lat' dir='ltr'>tamen</span> <span class='ocrx_word' id='word_1_130' title='bbox 624 2020 717 2102; x_wconf 92' lang='lat' dir='ltr'>plane</span> <span class='ocrx_word' id='word_1_131' title='bbox 739 2021 846 2101; x_wconf 85' lang='lat' dir='ltr'>inepta</span> <span class='ocrx_word' id='word_1_132' title='bbox 861 2018 995 2082; x_wconf 72' lang='lat' dir='ltr'>fixissent</span> <span class='ocrx_word' id='word_1_133' title='bbox 1010 2025 1105 2102; x_wconf 89' lang='lat' dir='ltr'>atque</span> <span class='ocrx_word' id='word_1_134' title='bbox 1120 2021 1265 2105; x_wconf 78' lang='lat' dir='ltr'>absurda,</span> 
     </span>
     <span class='ocr_line' id='line_1_19' title="bbox 165 2122 1266 2210; baseline 0 -21"><span class='ocrx_word' id='word_1_135' title='bbox 165 2130 192 2190; x_wconf 90' lang='lat' dir='ltr'>si</span> <span class='ocrx_word' id='word_1_136' title='bbox 214 2127 337 2189; x_wconf 87' lang='lat' dir='ltr'>evenire</span> <span class='ocrx_word' id='word_1_137' title='bbox 360 2126 487 2188; x_wconf 83' lang='lat' dir='ltr'>omnmo</span> <span class='ocrx_word' id='word_1_138' title='bbox 511 2144 575 2186; x_wconf 92' lang='lat' dir='ltr'>non</span> <span class='ocrx_word' id='word_1_139' title='bbox 595 2126 779 2207; x_wconf 90' lang='lat' dir='ltr'>potuissent.</span> <span class='ocrx_word' id='word_1_140' title='bbox 824 2122 886 2187; x_wconf 82' lang='lat' dir='ltr'>Sed</span> <span class='ocrx_word' id='word_1_141' title='bbox 909 2125 936 2186; x_wconf 94' lang='lat' dir='ltr'>si</span> <span class='ocrx_word' id='word_1_142' title='bbox 951 2125 1266 2210; x_wconf 84' lang='lat' dir='ltr'>hypomnematogra-</span> 
     </span>
     <span class='ocr_line' id='line_1_20' title="bbox 162 2221 1268 2317; baseline -0.002 -22"><span class='ocrx_word' id='word_1_143' title='bbox 162 2233 246 2317; x_wconf 92' lang='lat' dir='ltr'>phus</span> <span class='ocrx_word' id='word_1_144' title='bbox 266 2230 379 2293; x_wconf 84' lang='lat' dir='ltr'>fuisset</span> <span class='ocrx_word' id='word_1_145' title='bbox 400 2227 576 2310; x_wconf 70' lang='lat' dir='ltr'>Lucienus,</span> <span class='ocrx_word' id='word_1_146' title='bbox 602 2232 786 2311; x_wconf 87' lang='lat' dir='ltr'>procurator</span> <span class='ocrx_word' id='word_1_147' title='bbox 808 2221 919 2311; x_wconf 71' lang='grc' dir='ltr'><em>(ἔθνος</em></span> <span class='ocrx_word' id='word_1_148' title='bbox 939 2224 1171 2314; x_wconf 73' lang='grc' dir='ltr'><em>ε’τιιτραντνγναι)</em></span> <span class='ocrx_word' id='word_1_149' title='bbox 1194 2231 1268 2314; x_wconf 88' lang='lat' dir='ltr'>eligi</span> 
     </span>
     <span class='ocr_line' id='line_1_21' title="bbox 161 2329 1267 2418; baseline -0.002 -19"><span class='ocrx_word' id='word_1_150' title='bbox 161 2356 229 2399; x_wconf 89' lang='lat' dir='ltr'>non</span> <span class='ocrx_word' id='word_1_151' title='bbox 259 2336 380 2418; x_wconf 84' lang='lat' dir='ltr'>potuit,</span> <span class='ocrx_word' id='word_1_152' title='bbox 404 2334 458 2396; x_wconf 91' lang='lat' dir='ltr'>sed</span> <span class='ocrx_word' id='word_1_153' title='bbox 487 2329 632 2418; x_wconf 79' lang='grc' dir='ltr'><em>ἒξργιγτής</em></span> <span class='ocrx_word' id='word_1_154' title='bbox 653 2331 906 2415; x_wconf 74' lang='lat' dir='ltr'>Alexandrinus,</span> <span class='ocrx_word' id='word_1_155' title='bbox 934 2353 1039 2416; x_wconf 88' lang='lat' dir='ltr'>neque</span> <span class='ocrx_word' id='word_1_156' title='bbox 1061 2335 1130 2397; x_wconf 91' lang='lat' dir='ltr'>ideo</span> <span class='ocrx_word' id='word_1_157' title='bbox 1163 2337 1267 2415; x_wconf 70' lang='lat' dir='ltr'>‘duot-</span> 
     </span>
     <span class='ocr_line' id='line_1_22' title="bbox 163 2435 1268 2521; baseline 0 -18"><span class='ocrx_word' id='word_1_158' title='bbox 163 2437 280 2518; x_wconf 59' lang='grc' dir='ltr'><em>λιτάς,</em></span> <span class='ocrx_word' id='word_1_159' title='bbox 296 2439 352 2502; x_wconf 92' lang='lat' dir='ltr'>sed</span> <span class='ocrx_word' id='word_1_160' title='bbox 364 2437 561 2512; x_wconf 63' lang='lat' dir='ltr'>‘antemnae&#39;</span> <span class='ocrx_word' id='word_1_161' title='bbox 574 2435 708 2521; x_wconf 75' lang='grc' dir='ltr'><em>πράξεις</em></span> <span class='ocrx_word' id='word_1_162' title='bbox 719 2437 850 2519; x_wconf 87' lang='lat' dir='ltr'>adeptus</span> <span class='ocrx_word' id='word_1_163' title='bbox 870 2443 959 2500; x_wconf 93' lang='lat' dir='ltr'>esset.</span> <span class='ocrx_word' id='word_1_164' title='bbox 981 2438 1048 2518; x_wconf 79' lang='lat' dir='ltr'>¹Ex</span> <span class='ocrx_word' id='word_1_165' title='bbox 1063 2439 1169 2503; x_wconf 87' lang='lat' dir='ltr'>codice</span> <span class='ocrx_word' id='word_1_166' title='bbox 1183 2442 1268 2503; x_wconf 92' lang='lat' dir='ltr'>enim</span> 
     </span>
     <span class='ocr_line' id='line_1_23' title="bbox 94 2542 1270 2628; baseline 0.001 -21"><span class='ocrx_word' id='word_1_167' title='bbox 94 2585 96 2590; x_wconf 91' lang='lat'><em>·</em></span> <span class='ocrx_word' id='word_1_168' title='bbox 165 2544 279 2608; x_wconf 76' lang='lat' dir='ltr'>Theod.</span> <span class='ocrx_word' id='word_1_169' title='bbox 302 2544 354 2608; x_wconf 88' lang='lat' dir='ltr'>lib.</span> <span class='ocrx_word' id='word_1_170' title='bbox 370 2544 446 2607; x_wconf 87' lang='lat' dir='ltr'>XII.</span> <span class='ocrx_word' id='word_1_171' title='bbox 476 2545 521 2606; x_wconf 91' lang='lat' dir='ltr'>tit.</span> <span class='ocrx_word' id='word_1_172' title='bbox 545 2542 585 2625; x_wconf 78' lang='lat' dir='ltr'>L,</span> <span class='ocrx_word' id='word_1_173' title='bbox 610 2543 629 2606; x_wconf 94' lang='lat' dir='ltr'>l.</span> <span class='ocrx_word' id='word_1_174' title='bbox 652 2544 714 2605; x_wconf 84' lang='lat'>189</span> <span class='ocrx_word' id='word_1_175' title='bbox 742 2544 959 2625; x_wconf 77' lang='lat' dir='ltr'>cognoscitur,</span> <span class='ocrx_word' id='word_1_176' title='bbox 989 2545 1127 2626; x_wconf 88' lang='lat' dir='ltr'>primum</span> <span class='ocrx_word' id='word_1_177' title='bbox 1157 2547 1270 2628; x_wconf 80' lang='lat' dir='ltr'>curiae,</span> 
     </span>
     <span class='ocr_line' id='line_1_24' title="bbox 169 2644 1271 2733; baseline 0 -21"><span class='ocrx_word' id='word_1_178' title='bbox 169 2669 260 2732; x_wconf 90' lang='lat' dir='ltr'>quem</span> <span class='ocrx_word' id='word_1_179' title='bbox 282 2649 322 2711; x_wconf 92' lang='lat' dir='ltr'>ad</span> <span class='ocrx_word' id='word_1_180' title='bbox 341 2644 487 2733; x_wconf 66' lang='grc' dir='ltr'><em>ἐξιγγνγτήν</em></span> <span class='ocrx_word' id='word_1_181' title='bbox 505 2648 695 2730; x_wconf 90' lang='lat' dir='ltr'>respondere</span> <span class='ocrx_word' id='word_1_182' title='bbox 716 2647 927 2710; x_wconf 78' lang='lat' dir='ltr'>Gothofredus</span> <span class='ocrx_word' id='word_1_183' title='bbox 946 2667 974 2730; x_wconf 95' lang='lat' dir='ltr'>p.</span> <span class='ocrx_word' id='word_1_184' title='bbox 989 2650 1051 2710; x_wconf 81' lang='lat'>523</span> <span class='ocrx_word' id='word_1_185' title='bbox 1068 2649 1271 2733; x_wconf 80' lang='lat' dir='ltr'>demonstrat,</span> 
     </span>
     <span class='ocr_line' id='line_1_25' title="bbox 168 2752 1270 2836; baseline 0 -19"><span class='ocrx_word' id='word_1_186' title='bbox 168 2753 366 2817; x_wconf 81' lang='lat' dir='ltr'>‘muneribus</span> <span class='ocrx_word' id='word_1_187' title='bbox 383 2754 540 2815; x_wconf 78' lang='lat' dir='ltr'>universis</span> <span class='ocrx_word' id='word_1_188' title='bbox 552 2752 684 2834; x_wconf 86' lang='lat' dir='ltr'>expletis</span> <span class='ocrx_word' id='word_1_189' title='bbox 699 2752 738 2814; x_wconf 90' lang='lat' dir='ltr'>ad</span> <span class='ocrx_word' id='word_1_190' title='bbox 753 2772 913 2815; x_wconf 91' lang='lat' dir='ltr'>summum</span> <span class='ocrx_word' id='word_1_191' title='bbox 926 2752 1060 2836; x_wconf 87' lang='lat' dir='ltr'>gradum</span> <span class='ocrx_word' id='word_1_192' title='bbox 1069 2755 1270 2835; x_wconf 87' lang='lat' dir='ltr'>pervenisse&#39;:</span> 
     </span>
     <span class='ocr_line' id='line_1_26' title="bbox 165 2856 1273 2942; baseline -0.001 -20"><span class='ocrx_word' id='word_1_193' title='bbox 165 2860 277 2942; x_wconf 85' lang='lat' dir='ltr'>itaque</span> <span class='ocrx_word' id='word_1_194' title='bbox 303 2877 375 2921; x_wconf 90' lang='lat' dir='ltr'>eum</span> <span class='ocrx_word' id='word_1_195' title='bbox 403 2863 494 2920; x_wconf 90' lang='lat' dir='ltr'>antea</span> <span class='ocrx_word' id='word_1_196' title='bbox 517 2858 918 2940; x_wconf 85' lang='lat' dir='ltr'>hypomnematographum</span> <span class='ocrx_word' id='word_1_197' title='bbox 944 2856 1041 2920; x_wconf 84' lang='lat' dir='ltr'>fuisse</span> <span class='ocrx_word' id='word_1_198' title='bbox 1067 2877 1194 2921; x_wconf 89' lang='lat' dir='ltr'>necesse</span> <span class='ocrx_word' id='word_1_199' title='bbox 1218 2864 1273 2922; x_wconf 90' lang='lat' dir='ltr'>est.</span> 
     </span>
    </p>

    <p class='ocr_par' dir='ltr' id='par_1_5' title="bbox 119 2961 1277 3570">
     <span class='ocr_line' id='line_1_27' title="bbox 258 2961 1274 3045; baseline 0 -19"><span class='ocrx_word' id='word_1_200' title='bbox 258 2961 390 3026; x_wconf 87' lang='lat' dir='ltr'>Obstare</span> <span class='ocrx_word' id='word_1_201' title='bbox 422 2982 497 3026; x_wconf 86' lang='lat' dir='ltr'>vero</span> <span class='ocrx_word' id='word_1_202' title='bbox 528 2963 655 3025; x_wconf 82' lang='lat' dir='ltr'>videtur</span> <span class='ocrx_word' id='word_1_203' title='bbox 681 2962 769 3025; x_wconf 91' lang='lat' dir='ltr'>locus</span> <span class='ocrx_word' id='word_1_204' title='bbox 796 2961 956 3045; x_wconf 80' lang='lat' dir='ltr'>Philonis,</span> <span class='ocrx_word' id='word_1_205' title='bbox 985 2981 1047 3044; x_wconf 90' lang='lat' dir='ltr'>quo</span> <span class='ocrx_word' id='word_1_206' title='bbox 1074 2964 1274 3044; x_wconf 91' lang='lat' dir='ltr'>potissimum</span> 
     </span>
     <span class='ocr_line' id='line_1_28' title="bbox 169 3066 1274 3150; baseline 0 -21"><span class='ocrx_word' id='word_1_207' title='bbox 169 3105 211 3114; x_wconf 96' lang='lat'><em>-</em></span> <span class='ocrx_word' id='word_1_208' title='bbox 235 3069 270 3129; x_wconf 92' lang='lat' dir='ltr'>ni</span> <span class='ocrx_word' id='word_1_209' title='bbox 290 3066 380 3130; x_wconf 89' lang='lat' dir='ltr'>fallor</span> <span class='ocrx_word' id='word_1_210' title='bbox 405 3104 442 3112; x_wconf 93' lang='lat'>—</span> <span class='ocrx_word' id='word_1_211' title='bbox 469 3066 663 3130; x_wconf 81' lang='lat' dir='ltr'>Fritxschius</span> <span class='ocrx_word' id='word_1_212' title='bbox 683 3071 857 3129; x_wconf 91' lang='lat' dir='ltr'>commotus</span> <span class='ocrx_word' id='word_1_213' title='bbox 874 3072 935 3148; x_wconf 83' lang='lat' dir='ltr'>est,</span> <span class='ocrx_word' id='word_1_214' title='bbox 957 3072 995 3129; x_wconf 91' lang='lat' dir='ltr'>ut</span> <span class='ocrx_word' id='word_1_215' title='bbox 1016 3066 1194 3130; x_wconf 85' lang='lat' dir='ltr'>Lucianum</span> <span class='ocrx_word' id='word_1_216' title='bbox 1217 3087 1274 3150; x_wconf 93' lang='lat' dir='ltr'>pro</span> 
     </span>
     <span class='ocr_line' id='line_1_29' title="bbox 168 3170 1274 3255; baseline -0.001 -20"><span class='ocrx_word' id='word_1_217' title='bbox 168 3173 536 3255; x_wconf 86' lang='lat' dir='ltr'>hypomnematographo</span> <span class='ocrx_word' id='word_1_218' title='bbox 558 3170 679 3235; x_wconf 89' lang='lat' dir='ltr'>habeat.</span> <span class='ocrx_word' id='word_1_219' title='bbox 725 3170 884 3233; x_wconf 90' lang='lat' dir='ltr'>Dicuntur</span> <span class='ocrx_word' id='word_1_220' title='bbox 906 3172 991 3234; x_wconf 90' lang='lat' dir='ltr'>enim</span> <span class='ocrx_word' id='word_1_221' title='bbox 1017 3172 1086 3236; x_wconf 77' lang='lat' dir='ltr'>adv,</span> <span class='ocrx_word' id='word_1_222' title='bbox 1108 3172 1208 3235; x_wconf 72' lang='lat' dir='ltr'>staec.</span> <span class='ocrx_word' id='word_1_223' title='bbox 1232 3172 1274 3234; x_wconf 91' lang='grc' dir='ltr'>Π.</span> 
     </span>
     <span class='ocr_line' id='line_1_30' title="bbox 168 3274 1275 3360; baseline -0.003 -20"><span class='ocrx_word' id='word_1_224' title='bbox 168 3298 200 3360; x_wconf 91' lang='lat' dir='ltr'>p.</span> <span class='ocrx_word' id='word_1_225' title='bbox 218 3279 281 3341; x_wconf 82' lang='grc'>984</span> <span class='ocrx_word' id='word_1_226' title='bbox 304 3277 342 3340; x_wconf 90' lang='lat' dir='ltr'>de</span> <span class='ocrx_word' id='word_1_227' title='bbox 356 3276 532 3358; x_wconf 81' lang='lat' dir='ltr'>Lampone,</span> <span class='ocrx_word' id='word_1_228' title='bbox 555 3281 734 3339; x_wconf 90' lang='lat' dir='ltr'>accusatore</span> <span class='ocrx_word' id='word_1_229' title='bbox 752 3274 871 3358; x_wconf 79' lang='lat' dir='ltr'>Flacci,</span> <span class='ocrx_word' id='word_1_230' title='bbox 892 3277 986 3339; x_wconf 87' lang='lat' dir='ltr'>haec:</span> <span class='ocrx_word' id='word_1_231' title='bbox 1012 3275 1194 3360; x_wconf 72' lang='grc' dir='ltr'>ίττοιρεστδις</span> <span class='ocrx_word' id='word_1_232' title='bbox 1206 3275 1275 3360; x_wconf 78' lang='grc' dir='ltr'>’γὰρ</span> 
     </span>
     <span class='ocr_line' id='line_1_31' title="bbox 119 3374 1277 3467; baseline -0.002 -23"><span class='ocrx_word' id='word_1_233' title='bbox 119 3446 124 3455; x_wconf 75' lang='grc'>,</span> <span class='ocrx_word' id='word_1_234' title='bbox 171 3383 242 3457; x_wconf 89' lang='grc' dir='ltr'><em>τοῖς</em></span> <span class='ocrx_word' id='word_1_235' title='bbox 271 3378 421 3466; x_wconf 73' lang='grc' dir='ltr'><em>ἡγεμόσιν</em></span> <span class='ocrx_word' id='word_1_236' title='bbox 452 3379 551 3443; x_wconf 79' lang='grc' dir='ltr'><em>ὁπότε</em></span> <span class='ocrx_word' id='word_1_237' title='bbox 575 3378 771 3467; x_wconf 74' lang='grc' dir='ltr'><em>δικάζοιντο,</em></span> <span class='ocrx_word' id='word_1_238' title='bbox 798 3375 1070 3467; x_wconf 80' lang='grc' dir='ltr'><em>δτιεμνιγματίζετο</em></span> <span class='ocrx_word' id='word_1_239' title='bbox 1099 3380 1156 3456; x_wconf 82' lang='grc' dir='ltr'>τὰς</span> <span class='ocrx_word' id='word_1_240' title='bbox 1186 3374 1277 3455; x_wconf 80' lang='grc' dir='ltr'><em>δίκας</em></span> 
     </span>
     <span class='ocr_line' id='line_1_32' title="bbox 174 3478 1277 3570; baseline -0.002 -21"><span class='ocrx_word' id='word_1_241' title='bbox 174 3480 333 3570; x_wconf 80' lang='grc' dir='ltr'><em>εἷσάγων,,</em></span> <span class='ocrx_word' id='word_1_242' title='bbox 349 3484 391 3563; x_wconf 82' lang='grc' dir='ltr'>ὡς</span> <span class='ocrx_word' id='word_1_243' title='bbox 407 3478 484 3564; x_wconf 62' lang='lat' dir='ltr'>{igme</span> <span class='ocrx_word' id='word_1_244' title='bbox 504 3484 594 3565; x_wconf 83' lang='grc' dir='ltr'><em>τάξιν</em></span> <span class='ocrx_word' id='word_1_245' title='bbox 613 3534 620 3547; x_wconf 95' lang='grc'><strong>.</strong></span> <span class='ocrx_word' id='word_1_246' title='bbox 639 3535 645 3547; x_wconf 94' lang='grc'><strong>.</strong></span> <span class='ocrx_word' id='word_1_247' title='bbox 664 3486 689 3547; x_wconf 86' lang='grc'>.’</span> <span class='ocrx_word' id='word_1_248' title='bbox 735 3484 849 3549; x_wconf 89' lang='lat' dir='ltr'>Omnia</span> <span class='ocrx_word' id='word_1_249' title='bbox 872 3505 952 3568; x_wconf 89' lang='lat' dir='ltr'>quae</span> <span class='ocrx_word' id='word_1_250' title='bbox 966 3486 1017 3549; x_wconf 88' lang='lat' dir='ltr'>hic</span> <span class='ocrx_word' id='word_1_251' title='bbox 1032 3504 1277 3549; x_wconf 88' lang='lat' dir='ltr'>commemoran-</span> 
     </span>
    </p>
   </div>
   <div class='ocr_carea' id='block_1_3' title="bbox 99 3675 1279 4008">
    <p class='ocr_par' dir='ltr' id='par_1_6' title="bbox 99 3675 1279 4008">
     <span class='ocr_line' id='line_1_33' title="bbox 264 3675 1275 3744; baseline 0.001 -16"><span class='ocrx_word' id='word_1_252' title='bbox 264 3678 289 3744; x_wconf 86' lang='lat'>1)</span> <span class='ocrx_word' id='word_1_253' title='bbox 311 3696 337 3732; x_wconf 85' lang='lat' dir='ltr'>v.</span> <span class='ocrx_word' id='word_1_254' title='bbox 357 3678 436 3731; x_wconf 90' lang='lat' dir='ltr'>edict.</span> <span class='ocrx_word' id='word_1_255' title='bbox 455 3677 511 3730; x_wconf 80' lang='lat' dir='ltr'>Tib.</span> <span class='ocrx_word' id='word_1_256' title='bbox 531 3676 610 3730; x_wconf 86' lang='lat' dir='ltr'>Alex.</span> <span class='ocrx_word' id='word_1_257' title='bbox 633 3677 673 3729; x_wconf 91' lang='lat' dir='ltr'>ed.</span> <span class='ocrx_word' id='word_1_258' title='bbox 692 3676 807 3730; x_wconf 85' lang='lat' dir='ltr'>Rudorff</span> <span class='ocrx_word' id='word_1_259' title='bbox 830 3676 858 3728; x_wconf 90' lang='lat' dir='ltr'>in</span> <span class='ocrx_word' id='word_1_260' title='bbox 876 3676 946 3729; x_wconf 86' lang='lat' dir='ltr'>Mus</span> <span class='ocrx_word' id='word_1_261' title='bbox 965 3675 1049 3728; x_wconf 88' lang='lat' dir='ltr'>Rhen.</span> <span class='ocrx_word' id='word_1_262' title='bbox 1061 3675 1090 3728; x_wconf 90' lang='lat' dir='ltr'>H</span> <span class='ocrx_word' id='word_1_263' title='bbox 1108 3675 1155 3728; x_wconf 92' lang='lat' dir='ltr'>lin.</span> <span class='ocrx_word' id='word_1_264' title='bbox 1174 3677 1215 3729; x_wconf 86' lang='lat'>34.</span> <span class='ocrx_word' id='word_1_265' title='bbox 1230 3676 1275 3730; x_wconf 85' lang='lat'>35:</span> 
     </span>
     <span class='ocr_line' id='line_1_34' title="bbox 174 3758 1279 3834; baseline -0.001 -17"><span class='ocrx_word' id='word_1_266' title='bbox 174 3766 274 3823; x_wconf 84' lang='grc' dir='ltr'><em>καύτός</em></span> <span class='ocrx_word' id='word_1_267' title='bbox 297 3765 326 3816; x_wconf 80' lang='grc' dir='ltr'>δὲ</span> <span class='ocrx_word' id='word_1_268' title='bbox 349 3766 512 3834; x_wconf 71' lang='grc' dir='ltr'><em>φυλάσσων,</em></span> <span class='ocrx_word' id='word_1_269' title='bbox 539 3762 606 3816; x_wconf 80' lang='grc' dir='ltr'><em>ὥστε</em></span> <span class='ocrx_word' id='word_1_270' title='bbox 623 3763 731 3831; x_wconf 70' lang='grc' dir='ltr'><em>μηδένα</em></span> <span class='ocrx_word' id='word_1_271' title='bbox 749 3770 804 3815; x_wconf 83' lang='grc' dir='ltr'><em>τῶν</em></span> <span class='ocrx_word' id='word_1_272' title='bbox 822 3764 941 3832; x_wconf 74' lang='grc' dir='ltr'><em>ἐγγενῶν</em></span> <span class='ocrx_word' id='word_1_273' title='bbox 958 3758 1152 3832; x_wconf 75' lang='grc' dir='ltr'><em>Ἀλεξανδρέων</em></span> <span class='ocrx_word' id='word_1_274' title='bbox 1171 3767 1209 3823; x_wconf 80' lang='grc' dir='ltr'>εἰς</span> <span class='ocrx_word' id='word_1_275' title='bbox 1226 3767 1279 3816; x_wconf 80' lang='grc' dir='ltr'><em>λει-</em></span> 
     </span>
     <span class='ocr_line' id='line_1_35' title="bbox 99 3850 1279 3925; baseline 0 -22"><span class='ocrx_word' id='word_1_276' title='bbox 99 3921 101 3925; x_wconf 14' lang='lat'><strong>¹</strong></span> <span class='ocrx_word' id='word_1_277' title='bbox 175 3856 307 3920; x_wconf 80' lang='grc' dir='ltr'><em>τοοργίσς</em></span> <span class='ocrx_word' id='word_1_278' title='bbox 318 3851 439 3922; x_wconf 83' lang='grc' dir='ltr'><em>χωρικδς</em></span> <span class='ocrx_word' id='word_1_279' title='bbox 454 3855 581 3920; x_wconf 73' lang='grc' dir='ltr'><em>ἄγεσθαι.</em></span> <span class='ocrx_word' id='word_1_280' title='bbox 619 3850 658 3904; x_wconf 80' lang='lat' dir='ltr'>Cf.</span> <span class='ocrx_word' id='word_1_281' title='bbox 671 3850 786 3904; x_wconf 85' lang='lat' dir='ltr'>Rudorff</span> <span class='ocrx_word' id='word_1_282' title='bbox 801 3851 819 3902; x_wconf 88' lang='lat' dir='ltr'>l.</span> <span class='ocrx_word' id='word_1_283' title='bbox 833 3868 855 3904; x_wconf 88' lang='lat' dir='ltr'>c.</span> <span class='ocrx_word' id='word_1_284' title='bbox 869 3868 894 3918; x_wconf 87' lang='lat' dir='ltr'>p.</span> <span class='ocrx_word' id='word_1_285' title='bbox 908 3850 959 3902; x_wconf 79' lang='grc'>142</span> <span class='ocrx_word' id='word_1_286' title='bbox 973 3867 1015 3904; x_wconf 83' lang='lat' dir='ltr'>an.</span> <span class='ocrx_word' id='word_1_287' title='bbox 1027 3851 1062 3902; x_wconf 83' lang='grc'>44</span> <span class='ocrx_word' id='word_1_288' title='bbox 1077 3854 1104 3903; x_wconf 77' lang='lat' dir='ltr'>et</span> <span class='ocrx_word' id='word_1_289' title='bbox 1115 3851 1279 3920; x_wconf 76' lang='lat' dir='ltr'>Marquardt‚</span> 
     </span>
     <span class='ocr_line' id='line_1_36' title="bbox 106 3938 508 4008; baseline -0.005 -15"><span class='ocrx_word' id='word_1_290' title='bbox 106 3982 110 3987; x_wconf 94' lang='lat'>.</span> <span class='ocrx_word' id='word_1_291' title='bbox 175 3938 349 3993; x_wconf 71' lang='lat' dir='ltr'>suatsverw.</span> <span class='ocrx_word' id='word_1_292' title='bbox 368 3939 389 3992; x_wconf 93' lang='lat' dir='ltr'>I.</span> <span class='ocrx_word' id='word_1_293' title='bbox 409 3957 435 4008; x_wconf 89' lang='lat' dir='ltr'>p.</span> <span class='ocrx_word' id='word_1_294' title='bbox 450 3939 508 3993; x_wconf 85' lang='lat'>291.</span> 
     </span>
    </p>
   </div>
   <div class='ocr_carea' id='block_1_4' title="bbox 265 4025 1103 4177">
    <p class='ocr_par' dir='ltr' id='par_1_7' title="bbox 265 4025 1103 4177">
     <span class='ocr_line' id='line_1_37' title="bbox 265 4025 896 4095; baseline 0.002 -18"><span class='ocrx_word' id='word_1_295' title='bbox 265 4025 291 4093; x_wconf 78' lang='lat'>2)</span> <span class='ocrx_word' id='word_1_296' title='bbox 312 4026 402 4094; x_wconf 76' lang='lat' dir='ltr'>Kuhn,</span> <span class='ocrx_word' id='word_1_297' title='bbox 421 4026 504 4080; x_wconf 79' lang='lat' dir='ltr'>stadt.</span> <span class='ocrx_word' id='word_1_298' title='bbox 525 4028 575 4080; x_wconf 89' lang='lat' dir='ltr'>etc.</span> <span class='ocrx_word' id='word_1_299' title='bbox 595 4026 761 4095; x_wconf 83' lang='lat' dir='ltr'>Verlassung</span> <span class='ocrx_word' id='word_1_300' title='bbox 778 4025 818 4090; x_wconf 75' lang='grc' dir='ltr'>Π,</span> <span class='ocrx_word' id='word_1_301' title='bbox 837 4025 896 4078; x_wconf 83' lang='grc'><strong>479.</strong></span> 
     </span>
     <span class='ocr_line' id='line_1_38' title="bbox 1084 4122 1103 4177; baseline 0 0"><span class='ocrx_word' id='word_1_302' title='bbox 1084 4122 1103 4177; x_wconf 81' lang='lat'><strong>2</strong></span> 
     </span>
    </p>
   </div>
   <div class='ocr_carea' id='block_1_5' title="bbox 0 0 1440 4606">
    <p class='ocr_par' dir='ltr' id='par_1_8' title="bbox 0 0 1440 4606">
     <span class='ocr_line' id='line_1_39' title="bbox 0 0 1440 4606; baseline 0 0"><span class='ocrx_word' id='word_1_303' title='bbox 0 0 1440 4606; x_wconf 95' lang='lat' dir='ltr'> </span> 
     </span>
    </p>
   </div>
  </div>
 </body>
</html>
