2820 4606
609 203 838 265 ‚-14-·

266 372 343 435 Post
370 391 444 434 eum
467 388 575 432 omnes
598 389 649 429 vv.
674 369 739 431 dd.¹
767 367 944 431 Luoianum
966 368 1286 451 hypomnematogra-

179 477 278 559 phum
298 476 395 539 fuisse
417 494 605 558 persuasum
623 473 813 536 habuerunt.
848 474 955 555 Atque
971 475 1065 536 etiam
1080 473 1287 555 Fritasobius‚

179 583 229 644 vir
251 582 410 665 egregius,
434 581 473 643 de
494 580 553 642 hae
575 597 610 641 re
633 579 800 661 exquisite·
810 579 855 640 ita
870 578 1030 659 disseruit,
1053 582 1091 641 ut
1112 578 1149 640 ad
1166 577 1288 641 Valesii

180 687 359 769 opinionem
381 704 511 769 prorsus
534 683 721 748 οοοοάετεί.2

265 791 417 853 Attamen
467 788 614 853 omnibns
661 807 742 870 quae
791 788 897 850 attulit
944 789 1110 850 restitutor
1153 787 1288 850 Luciani

179 895 373 978 argumentis
403 897 529 957 tautum
558 891 646 955 abest
676 896 713 954 ut
743 891 880 973 credam,
910 896 947 954 ut
974 896 1083 954 contra
1108 891 1288 974 putaverim

179 1001 282 1063 denuo
312 1018 361 1081 ea,
396 1016 477 1081 quae
505 998 675 1080 scriptores
703 1000 825 1059 veteres
854 996 998 1078 tradunt,
1029 996 1197 1080 diiigenter
1219 1014 1288 1059 esse

178 1104 384 1168 retractanda.

267 1208 479 1284 Quamobrem
507 1214 545 1272 ut
575 1211 660 1271 reote
688 1207 858 1271 informare
884 1207 1043 1289 possimus
1066 1207 1288 1289 magistratum

180 1314 219 1377 de
248 1333 310 1397 quo
337 1315 456 1397 agitur,
483 1312 645 1376 Strabonis
673 1313 763 1376 loeus
786 1332 850 1395 quo
873 1313 1039 1396 praecipue
1063 1311 1101 1375 de
1123 1311 1288 1395 magistra-

179 1418 264 1482 tibus
287 1420 454 1502 Aegyptiis
477 1419 555 1502 agit,
579 1423 652 1480 ante
674 1419 779 1480 omnia
801 1416 1032 1480 examinandus
1056 1421 1113 1479 est,

267 1522 379 1587 Strabo
399 1524 499 1606 igitur
520 1523 541 1587 1.
560 1522 661 1586 XVII
682 1544 711 1606 p.
734 1523 795 1585 797
819 1523 921 1605 priore
945 1521 1073 1605 quidem
1095 1521 1164 1583 looo
1186 1539 1288 1582 roma-

179 1647 238 1690 nos
269 1631 493 1690 commemorat
524 1628 745 1711 magistratus:
781 1619 956 1710 ‘drappos’
990 1627 1142 1710 primum,
1174 1624 1288 1688 deinde

181 1730 408 1818 ιἀικαιοόότην,
431 1731 487 1795 τὸν
506 1743 569 1794 των
584 1731 713 1795 πολλῶν
727 1727 861 1815 κρίσεων
875 1731 1009 1816 κόριον’,
1034 1732 1162 1795 tertium
1185 1725 1287 1793 ιίάιό-

180 1835 287 1920 λογον,
326 1833 494 1921 ἐξεταστὴν
529 1846 592 1899 τῶν
629 1831 675 1912 εἰς
708 1831 861 1921 Καίσαρα
898 1836 1036 1899 πίπτειν
1073 1831 1288 1922 ὀφειλόντων]

183 1940 324 2017 Quorum
347 1942 524 2005 administri
545 1943 766 2005 nominantur:
792 1939 1024 2025 ιἀπελεύθεροι
1043 1935 1211 2023 Καίσαρος
1232 1936 1289 2002 καὶ

181 2041 370 2128 οἰκονόμοι]
424 2047 505 2111 Tum
535 2046 660 2131 Strabo,
693 2052 862 2130 postquam
890 2067 992 2130 pauoa
1020 2046 1059 2109 de
1088 2064 1222 2108 numero
1252 2063 1290 2107 ao

181 2151 402 2216 distributione
438 2153 575 2216 miiitum
613 2172 670 2236 per
704 2154 898 2236 provinciam
937 2152 1158 2215 collocatorum
1197 2150 1289 2231 dixit,

181 2259 298 2342 pergit:
330 2262 418 2319 ιτῶν
445 2257 477 2320 δ’
500 2254 721 2342 ἐπιχωρίων
743 2255 937 2342 ἀρχόντων
958 2255 1057 2320 κατὰ
1079 2253 1198 2319 πόλιν
1220 2251 1289 2336 μὲν

181 2360 201 2425 ὅ
221 2383 256 2424 τε
279 2358 425 2448 ἐξηγητής
447 2359 516 2426 ἐστι
538 2361 708 2448 πορφύραν
730 2360 950 2444 ἀμπεχόμενος
969 2359 1024 2425 καὶ
1039 2355 1116 2441 ἔχων
1132 2354 1290 2444 πατρίους

180 2465 276 2548 τιμὰς
297 2463 351 2530 καί
374 2462 561 2548 ἐπιμέλειαν
583 2477 645 2528 τῶν
666 2475 705 2553 τῇ
728 2465 823 2530 πόλει
844 2462 1013 2553 χρησίμων,
1034 2463 1089 2529 καί
1108 2463 1126 2528 ό
1143 2464 1288 2549 ὑπομνη-

181 2568 388 2657 ματοχρόφος
417 2567 471 2634 καί
502 2569 520 2632 ό
547 2568 785 2658 ἀρχιδικαστὴς,
817 2568 968 2656 τέταρτος
997 2568 1033 2634 ἀί·
1065 2569 1082 2634 ό
1112 2567 1290 2653 νινιτερινὸς

182 2673 364 2761 στρατηγός.
402 2669 482 2760 ἦσαν
510 2672 568 2756 μὲν
598 2671 652 2738 οὖν
681 2673 737 2739 καὶ
765 2673 823 2738 ἐπὶ
850 2687 913 2739 τῶν
941 2671 1099 2758 βασιλέων
1131 2666 1225 2736 αὗται
1253 2666 1287 2735 αἱ

183 2774 297 2863 ἀρχαί.
312 2829 319 2841 .
333 2779 358 2841 .’

271 3003 297 3065 1)
315 3001 435 3070 Excepto
456 3002 676 3069 Friedlaondero‚
699 3002 825 3056 Darstoll.
844 3002 858 3055 I
881 3020 906 3070 p.
919 3002 962 3069 91,
979 3002 1007 3068 2,
1033 3001 1081 3070 qui
1099 3017 1198 3054 munus
1217 3001 1289 3069 quod

182 3090 295 3142 rooatur
319 3088 347 3141 ‘a
369 3089 578 3158 cognitionibus'
604 3089 695 3143 verbis
718 3089 865 3144 Luoianeis
889 3089 1025 3158 designari
1050 3089 1135 3157 putat.
1176 3087 1214 3141 Ut
1237 3087 1289 3141 hoe

181 3175 318 3242 probabile
336 3175 443 3237 reddat,
467 3176 536 3229 illud
553 3171 749 3246 Ἀίγυπτίας
772 3177 871 3242 ταύτης
889 3177 983 3246 ἀρχῆς’
1002 3176 1115 3229 licenter
1134 3175 1290 3242 corruptum

182 3264 292 3329 putans,
318 3263 503 3331 quaestionem
525 3263 565 3317 ita
587 3264 754 3332 obscurarit,
779 3265 811 3316 ut
831 3265 864 3317 de
882 3265 933 3317 hae
953 3263 1087 3316 sententia
1104 3261 1196 3316 neseio
1216 3262 1289 3315 unde

182 3366 217 3402 ox
235 3349 325 3403 abdito
343 3351 421 3404 eruta
437 3349 516 3418 plura
534 3351 622 3405 dioere
640 3351 733 3406 nolim.

270 3436 297 3501 2)
315 3436 345 3490 in
361 3438 425 3491 edit.
437 3437 503 3491 Luc.
516 3437 572 3504 1‚2
589 3456 615 3506 p.
629 3437 680 3492 208
694 3454 768 3507 seqq.
800 3437 950 3491 Identidem
961 3437 1109 3491 Lumbroso
1122 3437 1155 3489 de
1168 3435 1289 3489 Luoiano

182 3524 491 3594 hypomnematographo
517 3541 615 3593 pauca,
645 3527 692 3579 sed
718 3526 812 3579 eadem
836 3527 892 3579 fere
918 3542 986 3595 quae
1010 3528 1088 3579 antea
1112 3523 1289 3591 Fritzsohius‚

183 3610 285 3679 attulit,
304 3613 337 3666 of.
354 3612 384 3665 in
401 3612 420 3665 l.
433 3612 604 3666 Reoherohes
622 3629 670 3666 sur
687 3611 843 3667 l’eoonomie
855 3613 986 3682 politique
999 3614 1032 3666 de
1046 3612 1171 3682 l'Egypte
1189 3629 1214 3680 p.
1229 3612 1289 3681 181,

184 3697 280 3751 deinde
298 3698 328 3750 in
344 3698 453 3754 Rivista
471 3699 499 3753 di
518 3699 614 3769 filolog.
632 3699 701 3754 1876
719 3718 744 3768 p.
758 3700 809 3753 473
822 3717 911 3769 sequ,
936 3700 1090 3769 nuperrime
1110 3700 1144 3765 (a.
1162 3698 1242 3766 1882)
1260 3699 1290 3752 in

182 3784 200 3838 l.
220 3784 330 3854 l'Egitto
348 3786 375 3839 al
392 3788 483 3855 tempo
502 3787 546 3840 dei
565 3787 644 3842 Greci
663 3803 678 3840 e
697 3788 740 3840 dei
758 3788 873 3842 Romani
891 3806 915 3856 p.
932 3789 973 3841 73.
1003 3787 1112 3842 Novum
1129 3789 1221 3841 tamen
1238 3788 1288 3853 est

184 3873 255 3941 quod
273 3872 421 3927 Lumbroso
441 3873 512 3940 (Riv.
532 3875 560 3928 di
576 3874 640 3928 fflol.
657 3873 726 3927 1876
744 3892 770 3942 p.
784 3875 847 3942 474)
865 3875 985 3929 fabulam
1002 3890 1200 3943 romanensem,
1220 3890 1289 3942 qnae

184 3975 225 4028 ap.
238 3960 303 4013 Luo.
321 3960 350 4012 in
368 3959 461 4014 Toxar.
482 3979 505 4015 o.
520 3961 552 4015 27
567 3977 640 4031 soqq.
658 3961 767 4031 legitur,
785 3962 814 4014 in
832 3964 964 4019 tabidan'o
982 3965 1290 4037 hypomnematographi
1336 3996 1339 4003 ·

184 4047 335 4103 aLuoiano
353 4048 492 4104 inventam
510 4066 570 4104 esse
589 4049 734 4103 arbitratus
755 4051 803 4103 est.
