2820 4606
604 231 922 287 .7.¹

146 423 201 481 μοι
224 400 306 463 κατὰ
320 399 376 464 τὸν
391 404 516 479 limpor
531 394 577 473 εἰς
593 395 728 478 &parada
743 395 973 484 ἀπεσκώφθω
994 402 1039 461 11;
1065 397 1174 482 ι111111
1190 398 1249 482 γὰρ

146 501 212 590 ἤδη,
236 502 315 567 καθ’
336 503 386 567 ὅτι
408 515 454 588 τῷ
475 501 572 586 μύθῳ
595 496 706 565 ἔοικα]

232 608 294 673 Sed
320 607 478 692 quomodo
501 609 560 670 hoc
582 607 651 670 fieri
673 609 798 691 potuit?
833 608 1002 690 quomodo,
1032 607 1188 690 siquidem
1211 607 1249 670 de

145 715 301 777 rhetorica
322 712 548 776 declamatione
568 714 619 796 agi
640 717 836 796 putaverunt
855 712 998 775 homines
1018 713 1114 795 docti,
1138 715 1250 794 orator,

145 823 314 901 postquam
342 817 479 880 mediam
509 818 679 881 oraticnem
709 818 894 901 interrupit,
924 818 999 879 anni
1026 817 1126 899 spatio
1153 817 1251 893 inter-

145 924 255 1005 misso,
284 940 415 1006 pergere
445 926 540 1004 atque
569 922 697 1005 longius
726 923 852 1004 insequi
882 923 1011 1005 potuit?
1056 921 1104 984 De
1132 921 1191 983 hac
1217 940 1250 984 re

146 1032 230 1090 recte
250 1046 343 1091 nemo
366 1027 522 1110 cogitavit.

234 1132 278 1195 At
314 1131 573 1194 declamationem
610 1133 736 1194 omnino
773 1151 839 1195 non
873 1133 1013 1197 habitam
1050 1150 1118 1195 esse
1155 1151 1252 1214 snpra

147 1237 370 1319 demonstrari,
400 1235 456 1298 sed
485 1237 653 1299 recitatum
682 1255 750 1299 esse
778 1236 894 1300 librum
924 1238 1069 1321 aliquem.
1122 1235 1172 1299 Ita
1200 1255 1250 1299 res

145 1342 238 1423 plane
263 1361 300 1404 ac
321 1360 452 1424 prorsus
475 1341 567 1405 aliter
588 1359 656 1404 sese
678 1340 787 1404 habet:
822 1342 992 1405 dummodo
1014 1341 1130 1404 librum
1154 1340 1251 1403 fuisse

144 1448 239 1510 talem
268 1448 500 1529 existimemus
531 1451 569 1510 ut
598 1465 634 1509 ea
662 1466 748 1529 pars,
782 1466 862 1530 quae
890 1450 994 1531 priore
1017 1466 1101 1510 anno
1123 1447 1252 1509 recitata

145 1555 239 1634 esset,
275 1551 412 1614 editione
447 1549 566 1633 publici
598 1552 678 1614 iuris
705 1550 787 1614 facta
816 1553 850 1613 in
879 1552 1075 1615 audientium
1104 1550 1251 1613 manibus

144 1661 269 1720 versata
290 1657 344 1739 sit,
366 1658 552 1740 priusquam
575 1656 705 1719 alteram
726 1661 848 1739 partem
869 1657 907 1719 ab
927 1658 1091 1719 recitaturo
1113 1655 1251 1718 audivis-

145 1768 231 1841 sent,
270 1780 375 1845 neque
405 1763 489 1824 enim
522 1762 690 1844 quisquam
721 1781 817 1825 sanus
848 1762 953 1824 omnia
983 1761 1021 1823 ab
1053 1759 1251 1823 auditoribus

144 1867 294 1929 memoria
316 1870 438 1929 retenta
461 1884 529 1929 esse
550 1870 662 1948 putare
684 1871 796 1949 potest.
836 1865 961 1941 Quare
982 1866 1104 1928 deuno
1128 1865 1251 1928 eodem-

148 1989 208 2052 que
237 1970 316 2033 libro
347 1970 550 2054 cogitandum
580 1989 645 2032 non
676 1971 749 2052 erit,
783 1970 838 2034 sed
869 1969 907 2033 de
938 1970 1079 2051 duobuS,
1115 1988 1251 2052 quorum

145 2077 230 2157 prior
258 2077 345 2140 solus
375 2074 479 2139 editus
510 2095 577 2139 esse
606 2076 713 2156 possit.
759 2075 872 2158 Itaque
899 2074 996 2137 libelli
1023 2072 1252 2138 Samosatensis

144 2180 357 2263 perlustrandi
387 2186 476 2262 sunt,
504 2182 531 2244 si
552 2181 690 2243 inveniri
711 2182 834 2262 possint
856 2179 933 2263 duo,
962 2181 1016 2262 qui
1041 2181 1086 2242 ita
1112 2181 1197 2242 inter
1218 2198 1251 2242 se

145 2287 306 2381 qoniuncti
329 2290 404 2349 sunt
426 2289 522 2369 atque
545 2287 671 2367 conexi,
695 2290 732 2349 ut
754 2286 834 2348 alter
855 2305 891 2349 ee
914 2286 981 2349 loco
1005 2285 1159 2369 producat
1180 2304 1251 2346 nar-

144 2391 299 2453 rationem
331 2409 393 2472 quo
426 2391 512 2472 prior
545 2389 695 2453 substitit.
751 2389 864 2473 Neque
893 2391 979 2453 enirn
1008 2390 1071 2453 huc
1101 2393 1251 2472 spectant,

133 2494 262 2576 ‚quibus
292 2494 443 2557 occultior
475 2499 600 2557 tanturn
631 2497 727 2559 series
753 2497 837 2558 inest
858 2495 1037 2578 argumenti
1060 2500 1156 2574 atque
1178 2512 1251 2556 con-

146 2601 278 2682 secuti0,
302 2604 339 2662 ut
361 2600 426 2662 Vit
443 2601 582 2663 auctioni
598 2605 629 2663 et
644 2600 813 2682 Piscatori,
837 2601 1009 2684 Peregrino
1032 2604 1063 2662 et
1084 2598 1249 2681 Fugitivis.

145 2704 246 2787 Atqui
274 2706 358 2768 inter
387 2706 493 2768 omnia
514 2704 647 2769 Luciani
671 2707 787 2789 scripta
809 2725 911 2769 unum
934 2710 1060 2769 tantum
1085 2724 1143 2786 par
1163 2722 1251 2786 repe-

145 2810 233 2891 ritur,
254 2809 340 2893 quod
358 2810 398 2872 ad
417 2829 454 2873 ea
473 2829 554 2894 quae
571 2811 770 2894 postulamus
786 2809 988 2893 respondeat:
1011 2828 1083 2892 ergo
1099 2808 1253 2871 habemus
1367 2894 1371 2901 ⁶

147 2915 231 2996 quod
255 2915 450 2998 quaerimuS,
472 2914 656 2979 Verarum
678 2915 942 2979 Historiarum
965 2914 1034 2977 dico
1049 2912 1147 2976 libros
1163 2912 1251 2977 duos,

144 3018 197 3080 Ad
220 3038 301 3102 quos
324 3020 500 3083 secundum
523 3039 651 3103 quoque
672 3019 753 3083 illud
775 3021 899 3103 egregie
923 3019 1064 3102 quadrat.
1110 3017 1252 3081 Birtius1

144 3125 230 3185 enim
253 3125 370 3205 optime
392 3124 569 3207 admonuit,
586 3125 660 3187 Ver.
677 3124 760 3190 Hist.
777 3144 879 3186 unum
899 3143 941 3187 ex
961 3122 1108 3187 omnibus
1128 3123 1252 3206 scriptis

143 3226 276 3290 Luciani
301 3229 336 3291 in
358 3228 455 3292 libros
478 3248 545 3293 esse
569 3229 720 3294 divisum:
754 3248 849 3311 quam
873 3227 912 3292 ob
935 3248 1002 3293 rem
1023 3229 1102 3291 mihi
1125 3225 1252 3310 quidem

144 3333 213 3396 reri
238 3333 434 3397 simillimum
456 3333 592 3417 videtur,
614 3337 752 3418 priorem
775 3332 1009 3397 ‘monobiblon'
1033 3333 1152 3397 editum
1175 3350 1250 3394 esse.

233 3437 510 3521 Supervacaneum
531 3458 687 3504 essenon
706 3444 798 3522 puto,
820 3439 961 3503 hocloco
977 3439 1151 3521 inquirere,
1174 3455 1253 3498 num

148 3546 284 3625 tempuS,
316 3563 378 3625 quo
401 3543 504 3607 Verae
526 3544 687 3609 Historiae
710 3546 904 3627 conscriptae
928 3545 1006 3625 sint,
1034 3562 1107 3605 cum
1128 3542 1251 3604 ratioci-

147 3649 273 3711 natione
293 3654 403 3712 nostra
423 3655 584 3734 congruat.

233 3753 430 3817 Planclrius2
449 3754 523 3836 Ver.
539 3756 623 3819 Hist.
644 3756 741 3820 libros
765 3756 928 3819 collocavit
949 3756 1033 3817 inter
1054 3754 1074 3815 l.
1098 3753 1136 3816 de
1157 3773 1251 3818 merc.

145 3858 235 3922 cond.
252 3863 284 3921 et
302 3859 322 3921 l.
339 3859 378 3922 de
396 3860 467 3923 hist.
484 3879 614 3943 consor,
638 3880 734 3944 quem
755 3861 845 3924 brevi
860 3866 968 3944 postea
983 3861 1137 3942 scriptum
1150 3863 1251 3942 putat.

236 4081 262 4147 1)
282 4080 396 4135 1111111111
414 4081 584 4135 Buohwesen
603 4099 629 4150 p.
648 4082 707 4136 295.
819 4082 846 4148 2)
869 4079 989 4146 Quaestt.
1009 4081 1073 4134 Luc.
1093 4097 1118 4149 p.
1133 4079 1166 4132 19
1179 4095 1252 4147 seqq.
