2820 4606
594 233 811 289 -21-

239 400 363 464 Vellem
382 402 475 484 plura
504 400 631 465 aliunde
655 407 780 486 sumpta
806 402 902 465 huius
922 405 1124 486 magistratus
1150 404 1256 486 cogni-

149 507 268 568 tionem
281 506 532 589 suppeditarent:
550 524 706 588 perpauca
718 526 793 570 vero
803 507 948 590 indagari
959 513 1100 590 possunt.
1139 506 1256 571 Occur-

75 612 78 617 '
148 614 226 672 runt
247 616 352 673 autem
374 611 409 672 in
431 611 496 673 cod.
512 609 626 673 Theod.
642 609 695 673 lib.
711 609 787 674 ΧΠ.
809 611 886 674 titI
906 612 1036 695 l.192,1
1060 632 1141 696 quae
1161 632 1255 695 quae-

149 715 285 777 stionem
322 715 458 778 afferrmt
492 715 644 798 quidnam
681 717 723 778 sit
750 717 846 799 illud,
885 736 947 799 quo
977 716 1109 780 Luciani
1138 738 1256 782 munus

149 818 273 882 differat
302 818 341 882 ab
372 820 745 903 hypomnematographi,
771 821 863 884 haec:
893 821 933 884 ‘si
964 842 1044 904 quos
1067 828 1256 904 spontaneos

91 977 93 980 .
148 924 506 1009 hypomnematographi
533 923 699 987 munificos
725 927 793 988 suis
825 926 1098 990 exhortationibus
1124 926 1164 989 ad
1197 949 1256 1010 pu-

148 1029 249 1093 blicas
276 1031 510 1093 nominaverint
546 1030 739 1113 functiones,
783 1031 969 1114 Augustalis
1006 1031 1154 1096 iubemus
1191 1052 1257 1096 non

149 1133 382 1217 expectandum
416 1154 484 1198 esse
523 1135 734 1198 consensum'
793 1134 893 1210 Quem
926 1136 963 1199 ad
994 1137 1099 1200 locum
1141 1138 1257 1220 optime

150 1239 360 1303 Gothofredus
384 1230 548 1303 annotavit
577 1261 605 1322 p.
624 1241 700 1304 524:
731 1241 915 1317 ‘Quodnam
940 1262 1059 1305 munus
1087 1243 1155 1305 eius
1178 1240 1256 1328 (scil.

149 1343 521 1429 hypomnematographi)
542 1344 650 1427 fuerit,
681 1347 795 1428 partim
825 1365 866 1409 ex
888 1348 947 1410 hac
968 1347 1053 1430 lege,
1077 1348 1193 1428 partim
1216 1366 1257 1410 ex
1331 1333 1343 1358 ⁷

83 1493 86 1498 -
148 1451 288 1513 nominis
318 1449 435 1512 indicio
469 1451 503 1510 in
536 1455 656 1532 partem
692 1470 879 1534 cognoscere
905 1452 992 1514 licet:
1033 1470 1147 1533 nempe
1183 1471 1257 1515 eum

148 1554 440 1617 nominationes
465 1553 508 1616 ad
538 1554 726 1636 liturgias
756 1575 814 1618 seu
835 1575 969 1638 munera
997 1555 1124 1638 publica
1153 1557 1263 1630 civilia¹

148 1665 180 1723 et
195 1658 325 1722 curialia
339 1657 458 1741 fecisse,
479 1678 613 1722 munera
628 1659 824 1723 distribuisse
841 1665 872 1723 et
887 1662 1128 1724 commentarios
1143 1661 1257 1725 harum

55 1812 60 1819 .
148 1783 256 1828 rerum
275 1762 405 1826 fecisse)
451 1762 646 1846 (lentissime,
669 1764 723 1827 sed
738 1764 864 1827 laudem
880 1765 909 1827 ei
932 1783 1019 1827 error
1033 1767 1258 1848 compensarit,

150 1889 239 1951 cum,
261 1873 430 1950 postquam
451 1868 624 1932 nonnullos
644 1869 729 1931 locos
751 1869 929 1951 adscripsit,
953 1868 1070 1950 quibus
1091 1869 1257 1951 haudqua-

154 1993 247 2056 quam
269 1973 308 2035 ad
331 1973 732 2057 hypomnematographum
747 1974 1004 2037 Alexandrinum
1024 1973 1257 2056 pertinentibus

152 2079 285 2141 latinum
308 2078 644 2142 ‘commentariensem’
667 2098 778 2162 graece
802 2075 1166 2165 ‘dicopvqpncqudqrov'
1183 2098 1258 2141 con-

152 2202 279 2247 versum
317 2202 385 2247 esse
418 2183 623 2265 demonstrat,
656 2189 813 2267 pergeret:
850 2183 926 2248 ‘Sed
965 2183 1041 2264 quid
1072 2184 1257 2246 moramur?

149 2288 310 2352 Lucienus
332 2289 367 2349 in
387 2288 543 2371 Apologia
563 2289 597 2350 id
618 2308 736 2352 munus
758 2289 906 2372 graphice
931 2287 1099 2350 describit’
1144 2287 1257 2351 Tanto-

148 2413 224 2476 pere
253 2395 350 2476 igitur
378 2392 497 2456 Valesii
525 2394 684 2456 annotatio
715 2393 870 2457 iudicium
900 2391 1082 2455 Gothofredi
1110 2392 1258 2476 turbavit,

149 2504 187 2562 ut
209 2519 274 2562 non
297 2498 467 2561 contulerit
480 2499 656 2582 pugnantia
678 2517 736 2562 nec
751 2492 979 2581 comparaverit
1000 2499 1156 2560 contraria
1175 2499 1259 2560 inter

148 2604 221 2667 illos
242 2603 679 2687 hypomnematographorum
709 2604 950 2666 commentarios
976 2607 1008 2665 et
1028 2600 1175 2683 Luciani,
1206 2605 1258 2666 cui

150 2709 190 2772 de
212 2709 321 2772 litibus
343 2708 517 2771 iudiciariis
539 2709 684 2790 loquenti
713 2709 944 2772 ‘commentarii
975 2706 1130 2770 factorum
1162 2706 1258 2769 dicto-
1376 2745 1379 2751 -

150 2834 287 2897 rumque
308 2814 465 2876 omnium’
489 2811 567 2899 (scil.
591 2815 629 2877 de
644 2814 838 2898 litigantium
853 2814 1045 2895 testiumque
1068 2810 1260 2895 actionibus)

150 2921 185 2982 in
201 2921 306 2982 animo
322 2924 418 2982 erant.
464 2918 644 2982 Praeterea
659 2924 766 2982 autem
782 2919 896 3001 officia,
921 2937 1002 3001 quae
1025 2923 1260 3000 enumerantur,

152 3027 180 3088 ei
202 3025 263 3087 alia
285 3024 382 3088 fuisse
404 3024 496 3106 plura
511 3025 684 3108 explenda,
705 3044 797 3088 nemo
812 3029 915 3107 potest
937 3025 1087 3108 cogitare,
1110 3043 1183 3086 cum
1208 3024 1259 3086 vel

151 3131 291 3193 maxime
311 3129 443 3194 Luciani
471 3132 597 3194 intersit
624 3130 804 3212 ostendere,
833 3149 867 3193 se
896 3149 1028 3203 revera
1056 3124 1103 3190 ιἐν
1131 3123 1259 3213 μυρίαις

151 3237 223 3309 ταῖς
245 3230 427 3312 ἅσχολίαις’
446 3237 573 3299 versari.

236 3338 371 3404 Prorsus
391 3345 497 3404 autem
518 3361 583 3403 non
598 3340 760 3423 intellego,
785 3339 942 3422 quomodo
963 3341 1006 3421 ei,
1026 3339 1081 3421 qui
1100 3337 1260 3419 papyros²

152 3466 171 3508 a
193 3444 352 3525 Peyronio
375 3446 410 3506 in
432 3444 502 3508 Act.
527 3444 624 3508 Acad.
648 3444 833 3510 Taurinens.
858 3465 906 3508 an.
933 3445 1014 3507 1841
1039 3442 1140 3506 editos
1155 3441 1259 3505 'nove-

244 3669 270 3733 1)
289 3667 383 3721 eadem
400 3666 572 3734 reperiuntur
592 3666 622 3718 in
640 3667 696 3720 cod.
714 3666 781 3720 Iust.
801 3666 841 3734 X,
865 3667 907 3719 31.
928 3664 968 3719 59.

242 3754 268 3821 2)
288 3755 320 3807 de
337 3754 432 3823 papyri
444 3752 627 3808 Berolinensis
644 3754 759 3808 frustulo
770 3770 786 3807 a
799 3753 924 3808 Partheio
939 3753 968 3804 in
980 3768 1041 3806 nov.
1056 3767 1165 3805 memor.
1180 3752 1258 3805 insti-

153 3843 204 3896 tut.
231 3841 347 3895 archeol.
378 3840 481 3895 a1865
508 3858 533 3909 p.
553 3840 605 3894 449
627 3841 733 3910 publici
758 3841 827 3894 iuris
852 3841 923 3894 facto
948 3839 1080 3893 disserere
1099 3855 1153 3892 non
1172 3839 1257 3893 audeo

155 3929 245 3984 Verba
263 3930 327 3982 sunt
339 3929 420 3982 haec:

543 3999 730 4069 cervariam
742 3997 791 4062 τὴν
808 3995 1013 4066 1(1111011111

433 4085 486 4154 ἔχω
503 4085 566 4167 rddr
584 4085 646 4138 καθ’
668 4083 698 4138 ἓν
716 4085 806 4138 αὐτῶν
821 4081 929 4170 0111011111
943 4082 946 4151 1
960 4082 965 4151 Ι
977 4081 981 4152 1
995 4082 1016 4152 11
