2820 4606
592 201 806 259 -35-

147 377 295 460 dialogis,
317 392 429 436 verum
452 372 547 434 etiam
568 371 602 432 in
625 374 692 432 tota
713 368 891 433 libellorum
913 373 1059 455 congerie
1081 371 1173 437 laude
1196 375 1250 438 ali-

148 503 213 564 qua
236 479 391 543 ornetur.1

236 585 359 649 Deinde
389 583 494 645 nescio
529 600 569 643 an
599 578 761 642 Lucienus
796 581 905 644 tertiae
939 574 1067 665 quoque
1100 605 1251 667 personae

147 692 283 756 certanti
315 689 487 751 orationem
517 684 657 749 eiusdem
690 684 898 768 longitudinis
928 687 1121 771 attribuerit,
1158 696 1253 774 atque

148 797 245 860 etiam
268 796 302 857 in
315 793 476 876 prooemio
491 790 606 874 dialogi
627 790 690 852 iam
713 788 751 852 de
774 808 811 852 ea
832 789 928 853 verba
949 790 1063 855 fecerit.
1109 792 1254 878 Scipione

148 898 320 964 accedente
342 897 430 960 illam
451 894 609 978 pulcram,
633 913 697 976 qua
717 894 861 977 plerique
880 895 1004 977 placent
1027 895 1255 962 Samosatensis

149 1004 285 1087 dialogi,
312 1001 556 1064 concinnitatem
583 1000 704 1061 irritam
726 997 795 1061 fieri
817 1000 880 1061 iam
901 1001 929 1064 is
952 1021 981 1066 v,
1002 1000 1030 1065 d.
1055 1005 1168 1087 sensit,
1200 1006 1256 1086 qui

148 1110 233 1174 med.
251 1127 328 1171 saec.
343 1106 427 1187 XV,
442 1106 475 1167 ni
490 1106 596 1187 priuS,
620 1103 778 1187 dialogum
792 1103 866 1167 ΧΠ.
882 1106 917 1167 in
933 1124 1108 1170 sermonem
1122 1108 1257 1172 latinum

149 1213 330 1294 transtulit,
353 1230 432 1273 cum.
450 1210 620 1272 orationem
636 1207 791 1290 Scipionis
807 1207 846 1271 ad
862 1208 992 1272 eandem
1008 1215 1102 1294 atque
1116 1212 1257 1276 Alexan-

150 1322 201 1383 dri
223 1316 478 1398 Hannibalisque
500 1312 686 1396 produceret
706 1312 953 1395 longitudinem:
980 1316 1064 1396 quod
1086 1319 1258 1381 rectissime

149 1426 272 1488 factum
294 1439 362 1484 esse
392 1418 559 1500 concedes,
590 1419 617 1480 si
640 1417 768 1499 quidem
795 1437 867 1480 cum
889 1417 1060 1482 Fritzschio
1082 1419 1259 1484 Lucianum

150 1530 277 1591 ‘hicne
293 1543 361 1588 osse
379 1523 507 1607 quidem
523 1524 711 1604 satyricum,
734 1522 790 1585 sed
812 1527 934 1586 totum
956 1543 1070 1607 prope
1090 1526 1259 1590 rhetori·

151 1631 257 1697 cum’
279 1629 468 1713 putaveris.²

245 1735 307 1800 Sed
336 1735 399 1797 iam
428 1734 573 1817 graviora
603 1731 762 1795 addamus
807 1731 927 1795 Iterum
958 1734 1042 1796 enim
1065 1740 1112 1798 est
1142 1737 1260 1799 mentio

158 1841 301 1904 eiusdem
333 1839 514 1902 certaminis
536 1837 635 1900 facta:
663 1838 698 1898 in
724 1836 797 1900 Ver.
826 1836 908 1900 Hist.
939 1838 986 1920 H,
1017 1840 1051 1921 9,
1080 1839 1137 1902 ubi
1165 1839 1262 1902 verba

162 1945 310 2027 leguntur
323 1945 413 2006 haec:
439 1936 541 2026 ‘cotra
566 1933 593 2003 ὁ0
612 1936 771 2025 ἐδικάσθη
785 1937 862 2025 περὶ
876 1937 1052 2026 προεδρίας
1065 1935 1261 2028 Ἀλεξάνδρῳ

163 2069 199 2111 τε
221 2059 265 2132 τῷ
287 2042 459 2110 Φιλίππου
482 2042 536 2108 καί
557 2039 682 2130 Ἀννίβᾳ
696 2056 742 2128 τῷ
757 2041 979 2130 Καρχηδονίῳ,
1003 2043 1058 2108 καὶ
1073 2040 1163 2125 ἔδοξε
1178 2070 1261 2132 προ-

162 2147 243 2232 έχειν
265 2145 521 2236 luitgardae)
566 2149 679 2232 Itaque
699 2169 771 2212 cum
794 2168 886 2213 nemo
909 2150 1000 2214 credo
1023 2151 1160 2235 dubitet,
1185 2154 1264 2235 quin

159 2257 232 2320 Ver.
244 2257 329 2320 Hist.
345 2256 418 2318 libri
436 2260 507 2338 post
522 2254 661 2337 dialogos
676 2260 873 2318 mortuorum
889 2257 1058 2338 conscripti
1067 2257 1139 2340 sint,
1159 2257 1264 2320 verbis

157 2363 262 2426 allatis
294 2362 385 2445 quasi
413 2366 496 2423 nutu
517 2365 627 2423 auctor
648 2360 808 2444 dialogum
825 2359 901 2424 XII.
923 2363 986 2424 iam
1010 2361 1130 2444 pridem
1152 2363 1186 2424 in
1208 2383 1266 2445 pu-

157 2467 447 2555 blicumemissum
461 2464 612 2549 designat.
658 2462 820 2538 Quomodo
835 2465 933 2548 igitur
955 2484 991 2528 eo
1006 2466 1073 2528 loco
1089 2466 1266 2548 Scipionem
1314 2539 1316 2542 y

159 2572 286 2636 silentio
316 2571 485 2652 praeterire
516 2569 641 2652 potuit?
696 2568 958 2633 Hemsterhusius
986 2570 1038 2632 ille
1069 2568 1196 2652 quidem
1226 2570 1267 2633 ad

160 2675 237 2738 XII.
262 2674 421 2758 dialogum
443 2694 467 2736 c.
486 2675 503 2736 1
529 2677 676 2736 annotat:
708 2672 767 2734 ‘ibi
790 2671 869 2758 (scil
889 2674 925 2735 in
944 2692 1007 2736 ver.
1031 2672 1116 2757 hist.)
1141 2674 1179 2736 de
1202 2673 1267 2739 Sci-

161 2781 255 2863 pione
278 2779 374 2860 nihil,
403 2779 519 2861 quippe
541 2777 756 2840 Romanorum
779 2774 887 2841 nullos¹
908 2797 981 2840 cum
1004 2797 1040 2841 eo
1064 2778 1186 2842 delatus
1208 2778 1268 2842 fuit

162 2883 336 2966 Lucienus,
358 2883 464 2946 insula
478 2883 649 2946 Beatorum
672 2881 801 2945 habuit’
846 2881 1025 2945 Dicendum
1041 2886 1120 2946 erat:
1145 2883 1268 2947 ‘barba-

163 3008 271 3051 rorum
293 2987 434 3068 nullos3’
469 2992 501 3050 at
523 2987 654 3050 eandem
676 2986 716 3049 ob
736 3006 863 3049 causam
884 2987 965 3048 nihil
987 2987 1089 3051 dicere
1104 2990 1209 3070 potuit
1231 2989 1269 3052 de

164 3091 360 3175 Hannibale,
393 3094 449 3174 qui
471 3111 512 3155 ne
536 3094 603 3175 ipse
624 3091 752 3174 quidem
775 3092 809 3154 in
839 3111 862 3155 c.
889 3092 940 3172 17,
962 3090 1019 3153 ubi
1040 3091 1166 3159 barbari
1187 3092 1271 3156 beati

165 3201 408 3278 enumerantur,
431 3201 693 3260 commemoratus
717 3200 772 3259 est

257 3301 390 3364 Accedit
412 3301 506 3364 aliud.
550 3301 619 3364 Iam
633 3299 832 3364 Wielandius
853 3301 1027 3364 rectissime
1049 3301 1213 3364 annotavit
1234 3300 1274 3364 ad

167 3425 190 3469 c.
209 3408 244 3468 7:
282 3405 375 3469 ‘Man
402 3405 536 3468 braucht
557 3424 621 3467 nur
649 3405 700 3467 die
729 3403 844 3468 beiden
872 3404 982 3469 Reden
1012 3405 1066 3469 des
1094 3404 1272 3469 Hannibale

167 3511 233 3575 und
248 3510 447 3574 Alexanders
461 3529 562 3595 gegen
578 3509 729 3573 einander
739 3530 782 3572 zu
794 3509 920 3593 stellen,
942 3531 999 3574 um
1014 3531 1056 3574 zu
1071 3511 1181 3592 sehon,
1204 3508 1272 3573 dats

254 3770 280 3833 l)
299 3769 382 3822 Aliud
400 3772 453 3836 est,
474 3768 497 3822 si
514 3769 659 3829 Arrianus,
677 3766 792 3820 Luciam
809 3767 927 3834 amicus,
946 3766 1086 3820 laudatur:
1111 3765 1187 3820 Alex.
1207 3782 1229 3819 c.
1249 3765 1273 3818 2.

170 3855 202 3907 ef.
222 3872 245 3908 e.
263 3857 306 3910 55.
342 3856 382 3908 De
401 3855 519 3923 Augusti
536 3854 663 3909 laudibus
681 3871 707 3907 v.
726 3853 804 3906 inira.

256 3959 282 4026 2)
302 3960 330 4011 in
355 3960 419 4012 edit.
451 3959 506 4026 HI,
531 3958 565 4026 2,
589 3975 614 4025 p.
635 3957 676 4009 13.
720 3955 797 4023 Quod
830 3956 854 4010 si
872 3971 968 4009 vorum
993 3958 1077 4023 esset,
1101 3954 1275 4024 singulariter

171 4043 270 4098 lactum
286 4048 358 4100 esset
376 4047 405 4098 in
424 4046 543 4100 onmium
563 4045 624 4099 dial.
639 4048 715 4098 mort.
736 4060 855 4097 numero.

1058 4126 1100 4194 3*
