2820 4606
602 226 817 283 ..27-

123 397 200 458 'est
230 413 336 477 neque
363 395 511 477 equidem
534 414 622 478 nege.
667 396 780 479 Itaque
802 414 875 458 eum
897 397 931 458 in
953 397 973 460 l.
996 397 1024 458 d.
1047 397 1117 461 hist.
1141 417 1260 462 consor.

148 519 178 562 c.
201 500 253 562 21.
285 518 397 583 graeca
426 500 556 562 nomina
590 520 608 562 a
639 500 745 563 latinis
774 500 968 585 distinguere
996 504 1137 584 potuisse
1166 522 1260 566 nemo

148 603 247 667 credo
270 603 486 667 admirabitur.

241 707 365 772 Deinde
394 708 604 790 Schwamius,
633 714 672 772 ut
699 710 887 772 sententiam
914 730 1004 774 suam
1030 711 1137 795 aliqua
1159 713 1262 795 specie

147 813 327 895 illuminet,
355 815 474 898 pergit:
507 812 655 897 ‘Luciam
685 813 742 877 der
769 814 851 894 vielo
872 815 971 879 Jahre
999 817 1033 878 iu
1059 816 1172 880 italien
1193 815 1261 880 und

150 917 280 982 Gallien
299 917 433 1002 verlebt,
457 918 513 982 der
533 918 584 982 die
606 919 784 982 romischen
804 919 907 983 Sitten
925 921 992 983 und
1009 920 1194 984 Gebrduche
1216 923 1261 984 im

148 1023 310 1108 Nigrinus
343 1024 402 1086 mit
432 1024 503 1086 dem
536 1023 710 1086 treffenden
744 1022 853 1087 Pinsel
890 1026 977 1088 eines
1010 1025 1261 1109 eindringenden

148 1127 366 1192 Beobachters
388 1128 517 1212 gemalt‚
547 1128 657 1191 dorin
681 1127 762 1191 Rom
782 1130 842 1192 mit
865 1129 1122 1197 einflussreichen
1144 1129 1261 1194 Staats·

148 1239 311 1297 mttnnem
344 1230 383 1317 (τ.
407 1233 444 1296 Β.
470 1232 624 1296 Rutillian
651 1234 696 1296 im
723 1233 921 1319 Alexander)
953 1235 1102 1298 verkehrt
1131 1233 1261 1298 hat...’

149 1338 203 1402 De
227 1339 276 1402 bis
298 1338 446 1401 omnibus
470 1338 547 1430 quid
570 1338 763 1402 censendum
790 1340 843 1422 sit,
872 1340 968 1421 paulo
991 1339 1175 1423 diligentius
1199 1339 1262 1403 dis-
1320 1362 1323 1367 ·

150 1462 264 1508 seram.

243 1550 351 1631 Atque
372 1550 511 1632 primum
534 1549 660 1632 quidem
677 1548 716 1612 de
732 1548 833 1612 Galba
855 1553 920 1612 tam
937 1569 1039 1631 pauca
1053 1551 1263 1613 inveniuntur

149 1656 188 1717 in
210 1652 344 1716 Luciani
373 1654 510 1737 scriptis,
540 1659 577 1717 ut
604 1673 662 1736 per
686 1654 794 1736 plures
815 1673 916 1718 annos
938 1673 1012 1717 eum
1035 1654 1080 1717 ibi
1101 1659 1263 1717 versatum

151 1777 223 1822 esse
246 1757 451 1821 nullomodo
475 1763 604 1822 constet
648 1758 799 1842 Legimus
822 1760 906 1822 enim
929 1761 962 1821 in
986 1759 1043 1822 Bis
1066 1762 1141 1822 Aoo.
1171 1779 1197 1822 c.
1220 1759 1261 1821 27

152 1863 250 1926 verba
280 1862 463 1926 Rhetorioes
492 1864 584 1926 haec:
617 1859 689 1925 ‘aul
717 1847 841 1944 τὰμὲν
868 1859 925 1925 ἐπὶ
952 1869 1007 1948 τῆς
1029 1856 1180 1938 Ἑλλάδος
1207 1858 1263 1925 καὶ

154 1978 207 2054 τῆς
233 1961 355 2043 Ἰωνίας
383 1963 511 2053 μέτρια,
544 1965 577 2044 ἐς
606 1964 641 2031 δὲ
672 1969 727 2054 τὴν
750 1961 859 2031 Ἰόνιον
888 1964 1122 2030 συνδιέπλευσα
1143 1964 1262 2038 καὶτὰ

153 2072 323 2136 τελευταῖα
366 2068 457 2157 μέχρι
501 2083 556 2158 τῆς
599 2071 743 2157 τελτιιιῆς
787 2069 1000 2158 συναπάρασα
1045 2069 1263 2158 εὐπορεῖσθαι

154 2172 296 2263 ἐποίησα
310 2225 317 2238 .
332 2176 356 2238 .’
387 2181 419 2239 et
446 2178 479 2239 in
511 2177 603 2259 Apol.
633 2196 658 2241 c.
684 2179 724 2240 15
755 2176 930 2240 Lucienus:
964 2171 1016 2240 ‘tv
1044 2175 1111 2262 πρὸ
1140 2176 1265 2240 πολλοῦ

152 2273 241 2368 ᾕδεις
263 2276 322 2343 ἐπὶ
341 2283 489 2367 ῥητορικῇ
503 2276 642 2367 δημοσία
657 2277 810 2366 μεγίστας
823 2281 1034 2369 μισθοφορὰς
1048 2278 1262 2365 ἐνεγκάμενον,

154 2383 257 2450 ὁπότε
287 2384 370 2448 κατὰ
398 2380 482 2448 θέαν
509 2394 567 2448 τὀῦ
596 2380 748 2472 ἑσπερίου
775 2379 929 2449 'Quaado
955 2381 1010 2448 καί
1038 2385 1094 2472 τὴν
1120 2384 1264 2471 κελτικίγν

153 2491 222 2572 ἅμα
252 2487 356 2553 ἐπιὼν
385 2487 523 2570 ἐνέτυχες
550 2491 623 2578 ἡμῖν
647 2493 715 2567 τοῖς
737 2486 994 2576 μεγαλομίσθοις
1015 2501 1077 2553 τῶν
1100 2499 1264 2577 σοφιστῶν

153 2590 461 2680 ἐναριθμουμένοις]
499 2596 588 2659 Haec
609 2597 715 2659 omnia
736 2597 774 2659 de
795 2597 1109 2680 peregrinatione
1129 2593 1263 2657 Luciani

153 2705 358 2764 narrantur·
381 2701 461 2764 Iter
485 2702 519 2763 in
542 2700 682 2763 Eridano
704 2700 836 2764 flumine
860 2701 978 2764 factum
999 2701 1035 2762 in
1057 2699 1171 2764 Electr.
1195 2718 1219 2761 o.
1244 2702 1262 2762 2

154 2807 231 2870 ει4
261 2805 457 2869 describitur.
505 2804 628 2882 Quibus
655 2807 787 2868 minime
809 2825 890 2889 quae
919 2807 953 2867 in
976 2804 1170 2887 lepidissima
1192 2824 1264 2867 nar-

154 2909 336 2974 ratiuncula
360 2904 528 2996 Ἡραιλῆς
551 2912 703 2993 inscripta
737 2915 1037 2993 commemorantur,
1076 2916 1264 2994 repugnant.

154 3016 196 3080 In
223 3017 365 3091 itinere
392 3016 475 3079 euim
503 3018 642 3079 versanti
664 3015 805 3079 Lucieno
833 3016 979 3099 contigit,
1007 3019 1045 3078 ut
1068 3011 1266 3101 (φιλόσοφος

155 3131 218 3184 τῶν
238 3114 458 3205 ἐπιχωρίων1
474 3157 516 3167 -
531 3141 642 3205 graece
664 3126 823 3201 nostrum
847 3141 912 3184 non
934 3121 1031 3184 latine
1051 3121 1207 3184 allocutus
1223 3155 1264 3165 —

155 3227 328 3310 imaginem
350 3225 498 3289 Herculis
520 3226 627 3310 gallici
649 3227 830 3290 illustraret.
883 3225 973 3289 Haec
995 3226 1100 3288 omnia
1123 3244 1204 3308 quae
1226 3225 1265 3288 de

158 3330 260 3394 Gallia
278 3329 468 3413 refenmtm,
487 3330 655 3394 habemus:
679 3350 839 3413 nusquam
858 3331 956 3414 igitur
973 3349 1038 3393 uno
1057 3329 1178 3392 diutius
1195 3329 1264 3408 loco

156 3439 303 3499 versatus
324 3455 393 3500 esse
408 3436 637 3500 Samosatensis
660 3435 808 3518 uadum,
830 3436 949 3499 nedum
971 3435 1155 3516 habeamus,
1179 3434 1265 3516 quod

159 3561 231 3604 cum
251 3540 402 3604 Planclrio
426 3540 464 3605 de
485 3541 663 3626 longinqua
677 3540 827 3625 Lugduni
850 3541 1042 3605 habitatione
1064 3540 1266 3623 cogitemus.²

246 3732 273 3798 1)
291 3747 326 3784 ex
342 3729 562 3784 Summerbrodtii
579 3731 741 3797 coniectura,
761 3730 794 3783 cf.
807 3729 945 3785 Lucianea
962 3747 987 3797 p.
1001 3728 1051 3781 157
1070 3729 1096 3780 et
1113 3744 1139 3796 p.
1151 3726 1187 3782 89
1201 3744 1265 3797 seq,

160 3834 208 3886 pro
226 3818 301 3872 codd.
320 3817 381 3872 lect.
401 3816 435 3868 τὰ
453 3817 597 3885 ἐπιχώρια.
1229 3881 1231 3887 Ι

246 3904 273 3972 2)
292 3905 325 3959 cf.
346 3904 467 3971 Quaestt.
484 3903 550 3958 Luc.
569 3922 594 3972 p.
609 3905 637 3958 7:
665 3903 805 3973 ‘Lugduni
828 3920 875 3972 per
894 3904 987 3958 decem
1004 3903 1060 3956 fere
1078 3919 1162 3957 annos
1181 3901 1266 3957 fuisse

125 4017 127 4025 ·
163 3991 281 4060 suspicor
298 3992 461 4060 Liuianum,
482 4009 535 4060 qua
553 3992 581 4044 in
600 3992 666 4046 urbe
681 3994 713 4045 ut
728 4008 762 4045 ex
773 3992 884 4049 Irenaeo
899 3993 926 4044 et
938 3989 1054 4044 Eusebio
1067 3989 1159 4059 colligi
1170 3989 1265 4059 potest,

163 4077 290 4135 florebant
312 4082 372 4134 tum
396 4079 495 4134 artium
520 4079 675 4136 liberalium
699 4079 809 4135 studia’
851 4077 905 4132 Sed
928 4079 979 4132 hoo
1005 4094 1040 4133 ex
1063 4076 1166 4146 verbis,
1197 4090 1265 4150 quae
