2820 4606
588 230 804 286 ...24-

148 398 213 462 cod.
248 398 362 462 Theod.
399 419 464 462 non
501 419 602 462 unum
640 398 695 461 scd
731 399 838 480 plures
871 399 1251 481 hyponrnematographos

147 505 391 566 commemorari.
430 504 519 566 Nihil
541 505 638 587 igitur
661 502 776 585 obstat,
801 504 971 585 quominus
991 507 1023 565 et
1039 501 1251 566 Alexandriae

148 612 180 671 et
200 609 235 670 in
258 609 327 671 aliis
347 609 526 690 provinciae
546 607 689 690 partibus
709 607 1089 690 hypomnematographos
1107 607 1251 670 extitisse

148 712 319 776 credamus,

598 819 800 826 ——.-

665 963 735 1030 III.

201 1081 397 1166 Quaenam
423 1081 526 1163 ratio
552 1081 824 1164 intercesserit
850 1082 956 1163 inter
983 1083 1198 1165 lucianum

452 1201 491 1282 et
516 1200 704 1282 Romanos
732 1203 957 1302 exponitur.

237 1353 299 1416 Pro
325 1355 401 1436 laps.
427 1375 451 1418 c.
474 1356 514 1418 13
538 1354 713 1418 Lucienus:
749 1353 847 1418 ‘atta
869 1352 923 1418 aod
946 1355 1034 1436 ὑμεῖς
1056 1352 1147 1418 αὐτοὶ
1157 1356 1174 1437 ’,
1204 1357 1252 1417 in-

152 1459 234 1540 quit,
266 1451 317 1520 ‘al'
334 1481 366 1520 τι
388 1456 475 1543 κάγὼ
497 1467 552 1544 τῆς
569 1453 733 1539 Ῥωμαίων
755 1470 859 1547 φωνῆς
880 1456 1001 1539 ἐπαΐω,
1032 1459 1106 1534 τοὺς
1127 1478 1253 1543 apocu-

151 1561 337 1646 γορεὺοντας
364 1560 630 1644 ἀντιδεξιούμενοι
658 1573 703 1647 τῷ
724 1574 778 1650 τῆς
800 1560 920 1648 ὑγιείας
943 1561 1073 1645 ὀνόματι
1097 1561 1256 1639 πολλάκις

84 1721 86 1726 .
152 1660 351 1747 ἀμείβεσθε]
1276 1742 1280 1747 ¹

226 1773 382 1849 'Quorum
404 1772 443 1836 de
457 1775 498 1865 ¹vi
521 1793 556 1836 ac
579 1775 735 1837 sententia
754 1794 805 1836 vv,
822 1773 871 1837 dd.
886 1776 970 1837 inter
986 1792 1018 1836 se
1034 1773 1125 1836 valde
1141 1773 1253 1837 discre-

151 1883 293 1960 parunt
327 1878 410 1940 Nam
445 1897 517 1941 cum
554 1878 626 1940 alii¹
661 1878 837 1941 Lucianum
872 1880 999 1962 linguae
1031 1897 1178 1941 romanae
1209 1880 1256 1941 in·
1288 1937 1291 1942 ,

151 1984 314 2047 scientiam
336 1983 385 2045 his
408 1981 513 2046 verbis
536 1983 679 2046 confiteri
703 1983 845 2046 arbitrati
867 1985 943 2065 sint,
967 1983 1051 2065 alii?
1076 1981 1257 2066 numquid

152 2107 193 2151 ex
231 2089 276 2150 eis
311 2087 456 2149 concludi
492 2089 594 2170 possit
630 2088 668 2151 de
705 2090 774 2151 eius
808 2087 997 2170 eruditione,
1034 2087 1256 2170 dubitaverint,

151 2194 189 2256 A.
207 2191 426 2256 Schwarzius³
450 2197 558 2255 contra
575 2194 620 2256 ita
641 2213 677 2257 ea
696 2188 930 2276 interpretatur,
952 2197 991 2255 ut
1006 2191 1256 2257 Samosatensem

153 2297 288 2361 dilucide
311 2297 467 2359 declarare
489 2299 663 2380 existimet,
694 2317 727 2361 se
755 2299 883 2381 linguae
912 2317 1059 2361 romanae
1081 2303 1257 2379 compotem

152 2422 228 2466 esse.
273 2402 376 2464 Etiam
407 2403 452 2465 eis
482 2401 611 2485 verbis,
630 2422 710 2485 quae
741 2402 835 2486 paulo
866 2411 939 2465 ante
966 2403 1000 2464 in
1024 2403 1132 2465 eodem
1157 2404 1257 2486 capite

152 2509 316 2591 leguntur,
347 2505 544 2570 Schwarzins
575 2509 754 2590 opinionem
783 2527 874 2571 suam
898 2508 1031 2571 celerius
1054 2508 1257 2571 constitutam

152 2612 263 2674 fulcire
286 2612 405 2675 studet:
432 2607 481 2675 ‘aa'
497 2611 536 2691 d',·
559 2609 625 2691 οὐχὶ
647 2609 702 2675 καὶ
725 2609 757 2674 ἐν
778 2624 824 2696 τῷ
845 2623 907 2674 τῶν
927 2608 1059 2674 ἐντολῶν
1080 2607 1197 2695 βιβλίῳ
1204 2661 1211 2691 ,
1237 2606 1255 2674 ὃ

154 2713 204 2778 ἀεὶ
227 2716 319 2801 παρὰ
338 2712 496 2798 βασιλέως
518 2713 709 2798 λαμβάνετε,
733 2727 827 2780 τοῦτο
850 2728 978 2802 πρῶτον
996 2717 1068 2798 ὑμῖν
1083 2714 1152 2779 ἐστι
1169 2741 1254 2800 νεαρ-

153 2817 306 2904 άγγελμα,
330 2832 385 2906 τῆς
405 2816 524 2906 ὑγιείας
545 2832 599 2907 τῆς
621 2817 773 2906 ὑμετέρας
795 2820 897 2884 αὐτῶν
916 2819 1183 2902 ἐπιμελεῖσθαι,·’

241 2925 302 2989 Sed
329 2928 391 2988 iam
419 2927 523 2990 Moses
546 2927 695 2991 Solanus:
727 2928 897 3009 ‘quaenam
920 2946 956 2990 ea
977 2926 1112 2988 formula
1133 2925 1255 3008 fuerit’,

153 3031 273 3112 inquit,
296 3031 406 3113 ‘quam
422 3032 474 3094 hic
488 3033 596 3115 tangit,
618 3032 751 3114 nescio’,
775 3033 952 3114 suspicatur
968 3035 1082 3114 tamem
1102 3032 1256 3112 respicere

153 3132 329 3197 Lucianum
353 3134 392 3197 ad
414 3135 581 3199 formulam
605 3155 685 3217 quae
708 3137 763 3199 sit:
788 3136 831 3198 ‘si
853 3135 952 3217 vales,
975 3135 1055 3198 bene
1078 3135 1144 3197 est’

242 3238 439 3303 Schwarzius
469 3245 575 3303 autem
606 3259 663 3304 suo
694 3241 764 3303 iure
794 3240 982 3303 contendere
1011 3239 1088 3301 mihi
1122 3240 1257 3322 videtur,

154 3362 225 3405 cum
257 3348 405 3406 constans
437 3345 590 3426 quaedam
616 3344 752 3407 formula
778 3343 910 3407 Luciani
938 3345 973 3407 in
1000 3346 1104 3406 animo
1133 3346 1187 3426 sit,
1218 3345 1257 3408 de

154 3448 212 3511 hac
242 3447 284 3511 ‘si
313 3448 399 3511 vales
428 3448 508 3512 bene
536 3450 598 3513 est’
627 3451 758 3533 cogitari
779 3469 844 3512 non
866 3469 966 3532 posse.
1011 3449 1127 3513 Statuit
1148 3450 1256 3532 igitur,

150 3552 215 3616 illis
245 3553 350 3616 verbis
380 3554 549 3637 significari
581 3554 787 3638 epistularum
819 3557 1067 3637 inscriptionem,
1102 3573 1182 3635 quae
1209 3560 1258 3616 est

244 3742 271 3807 1)
289 3742 401 3809 Plancl,
421 3743 534 3811 quaestt.
554 3713 619 3795 Luc.
639 3760 664 3811 p.
679 3743 719 3796 17.
750 3743 797 3797 rh.
816 3741 962 3808 Fritzschc,
982 3741 1090 3808 Menipp
1102 3741 1157 3792 und
1169 3740 1256 3794 Horaz

155 3846 180 3898 p.
200 3829 241 3883 30.
269 3830 504 3897 Wasmannsdorf,
523 3829 637 3883 Luciani
654 3830 757 3898 scripta
775 3847 806 3883 ea
825 3845 892 3897 quaa
910 3829 943 3882 ad
960 3827 1117 3896 Menippum
1135 3829 1258 3895 spectant

174 3918 241 3970 .1.

154 3934 172 3985 p
217 3917 271 4072 32)
288 4005 455 4076 Bernhardy,
475 4005 516 4059 lit.
537 4021 575 4076 gr.
594 4005 609 4059 I
629 4022 655 4075 p.
671 4003 721 4059 581
743 4004 793 4071 (IV
813 4004 873 4071 cd).

243 4093 271 4163 3)
289 4092 381 4149 Wiem
553 4090 578 4112 “
597 4108 614 4128 ³
634 4091 688 4149 146
698 4107 772 4163 seqq.
