2820 4606
600 205 812 262 -23-

151 393 234 456 pour
254 373 301 436 les
323 373 612 459 proces-verbena,
636 373 751 458 charge
773 375 863 438 dela
885 378 1104 439 conservation
1127 382 1157 440 et
1177 379 1258 440 noti-

150 479 279 543 fication
295 480 351 544 des
366 483 450 543 actes
463 498 602 560 royaurr,
622 479 753 562 gardien
770 479 808 544 de
823 480 938 545 l'ordre
953 481 1032 545 dans
1047 482 1093 546 les
1108 481 1258 547 debats.’¹

151 585 215 650 Sed
248 586 368 649 nemini
402 585 489 647 hunc
524 584 744 667 magistratum
783 584 994 649 obscuriorem
1030 586 1128 651 fuisse
1162 607 1258 670 quam

150 689 340 754 Lumbrosio
363 690 594 773 cognoscimus,
622 690 649 752 si
670 690 767 752 alium
789 691 893 754 locum
917 691 1056 755 eiusdem
1078 691 1153 755 libri
1175 711 1258 755 com-

149 815 314 878 paramus,
352 794 408 856 ubi
442 794 567 877 scripsit
603 815 631 876 p.
659 795 738 857 345:
785 794 1076 859 ‘l’administration
1109 798 1170 860 soit
1203 797 1258 861 des

150 905 284 965 recettes
314 900 376 963 soit
398 899 453 962 des
476 899 629 982 depenses
652 918 685 963 se
708 900 808 964 divise
830 906 919 965 entre
945 920 990 964 un
1013 900 1157 985 nombre,
1184 922 1256 985 pro-

147 1005 332 1070 -bablement
361 1023 447 1067 assez
477 1004 592 1088 grand,
622 1003 661 1067 do
688 1011 890 1088 grammatos,
920 1006 1132 1089 d’hyperetes,
1161 1006 1257 1089 d’epi-

150 1112 297 1193 melotes,
321 1109 748 1193 d'hypomnematographes,
772 1110 1006 1195 d'antigraphes
1028 1110 1199 1194 speciauxff

239 1214 307 1278 Neo
320 1233 396 1277 vero
412 1214 527 1276 mirum
544 1218 605 1296 est,
629 1213 714 1295 quod
730 1213 769 1277 de
785 1215 899 1299 scriba,
923 1217 978 1299 qui
998 1216 1257 1298 hypomnemato-

148 1321 291 1407 graphus
314 1318 502 1403 appellatur,
525 1338 638 1402 parum
661 1320 823 1403 novimus,
844 1339 917 1384 cum
939 1339 980 1383 ne
1003 1339 1111 1384 eorum
1129 1320 1255 1402 quidem

149 1425 338 1507 scribarum,
370 1425 426 1507 qui
455 1424 581 1506 saepius
603 1425 638 1486 in
663 1425 792 1508 papyris
814 1429 845 1489 et
866 1425 1125 1509 inscriptionibus
1148 1445 1256 1490 occur-

147 1536 240 1613 ruut,
262 1548 287 1593 e.
303 1548 329 1591 c.
351 1529 546 1613 γραμματεῖς
559 1525 733 1609 βασιλικοὶ,’
754 1531 1047 1613 κωμογραμματεῖς,
1067 1551 1255 1616 τοττογραμ-

147 1635 276 1716 ματεῐς,
298 1634 590 1717 χωρογραμματεῖς,
615 1652 748 1696 munera
770 1635 845 1698 satis
864 1635 988 1718 possint
1009 1636 1170 1718 perspici²

236 1739 356 1801 Tamen
377 1757 514 1821 pronum
537 1739 596 1801 erit
617 1739 779 1822 colligere,
808 1740 834 1802 si
856 1741 1142 1823 comparaverimus
1164 1741 1255 1803 illum

150 1863 192 1908 ex
221 1843 288 1907 cod.
311 1842 426 1906 Theod.
450 1846 649 1925 assumptum
677 1843 797 1925 locum,
828 1845 889 1906 iam
920 1862 1032 1927 regum
1062 1845 1256 1929 temporibus

152 1948 532 2032 hypomnematographos
563 1947 809 2012 ‘nominationes
839 1949 878 2011 ad
906 1949 1064 2033 liturgias’
1097 1954 1128 2013 et
1157 1951 1255 2014 ‘oom-

151 2055 320 2118 mentarios
351 2054 465 2117 harum
495 2053 620 2116 rerum'
647 2052 766 2117 fecisse.
810 2053 922 2137 Itaque
953 2073 1070 2117 nomen
1096 2055 1255 2138 Apollonii

150 2181 169 2223 a
196 2158 375 2222 Ptolemaeo
405 2159 770 2243 hypomnematographo
801 2164 856 2223 aut
885 2160 920 2221 in
942 2162 1184 2225 commentarios
1205 2162 1255 2223 in·

148 2265 303 2347 scripturn
326 2269 382 2327 aut
404 2265 510 2327 exeis
533 2265 671 2327 deletum
692 2269 753 2348 est,
777 2264 901 2346 quoda
914 2265 1052 2349 litiugiis
1067 2266 1255 2350 Apollonius

146 2369 330 2434 liberandus
360 2373 433 2433 orat.
478 2369 561 2431 Nam
587 2371 622 2431 in
643 2369 704 2432 alio
725 2389 846 2453 papyro
868 2375 977 2453 postea
1001 2372 1128 2453 scripto,
1159 2370 1255 2433 frater

147 2475 311 2558 Apollonii
333 2475 484 2557 queritur,
505 2493 579 2537 eum
600 2476 635 2537 in
658 2475 803 2559 liturgias
821 2476 940 2539 iniuste
960 2475 1150 2539 abstractum
1169 2494 1252 2539 esse:

147 2581 184 2644 cf.
207 2580 384 2644 Lumbroso
407 2579 501 2642 Rech.
524 2600 552 2663 p.
569 2581 632 2643 203
654 2581 688 2642 in
710 2601 779 2664 pap.
795 2580 849 2643 lin.
867 2581 900 2643 7:
926 2579 959 2643 ‘d
975 2576 1254 2666 προγεγραμμένος

148 2679 292 2769 Ἀργεῖος
314 2682 521 2768 (Lumbroso:
552 2680 794 2770 ἀρχιοττηρέτης)
817 2682 960 2747 ἄττοοττᾶ
980 2681 1155 2748 αὖτὸν·ἅπ’
1176 2683 1255 2766 ἐμοῦ

149 2783 194 2864 εἰς
214 2787 289 2863 τοὺς
309 2783 507 2872 λειτουργίας
528 2788 606 2850 aab)

234 2894 280 2956 At
301 2893 420 2956 dixerit
439 2892 570 2956 forsitan
589 2894 762 2976 quispiam:
787 2894 864 2977 quid
879 2894 1254 2980 hypomnematographo,

150 2999 265 3082 quippe
289 2999 344 3081 qui
366 3018 385 3060 a
405 2997 558 3062 Strabone
579 2999 783 3082 magistratus
804 3000 986 3062 nominetur
1005 3000 1253 3084 Alexandrinus,

149 3123 220 3166 cum
239 3102 409 3186 Apollonio
429 3102 746 3186 Heracleopolitauo?
791 3102 935 3167 Concedo
957 3123 1006 3187 ea,
1030 3124 1111 3186 quae
1133 3105 1172 3169 de
1193 3105 1253 3168 hoo

149 3226 280 3271 numere
302 3212 461 3289 comperta
482 3207 648 3289 habemus,
671 3227 743 3270 cum
765 3209 799 3270 in
818 3209 929 3271 ceteris
950 3210 1078 3293 papyris
1098 3208 1254 3293 omnibus,

150 3315 204 3396 qui
231 3331 334 3394 usque
358 3312 505 3375 adhunc
528 3313 611 3376 diem
640 3312 760 3396 publici
789 3315 867 3377 iuris
894 3313 968 3377 facti
990 3318 1079 3396 sunt,
1111 3314 1191 3376 nihil
1214 3314 1252 3378 de

148 3417 512 3501 hypomnematographo
541 3419 696 3501 tradatur,
726 3438 789 3481 uon
817 3418 976 3502 sufficere,
1007 3424 1045 3482 ut
1066 3419 1149 3481 hano
1172 3417 1251 3481 diffi-

149 3523 298 3586 cultatem
326 3522 501 3585 solvamus:
533 3522 652 3586 iuvabit
681 3528 786 3587 tamen
815 3519 875 3587 hoo
904 3524 972 3587 loco
994 3523 1187 3605 meminisse,
1217 3525 1251 3586 in

235 3713 262 3778 1)
281 3712 340 3766 Ηοο
358 3711 459 3766 iudicio
478 3713 554 3766 stetit
571 3713 719 3766 Lumbroso
738 3713 819 3767 etiam
837 3713 867 3765 in
884 3712 902 3766 l.
921 3711 1030 3781 l’Egitto
1052 3712 1079 3766 al
1099 3714 1189 3781 tempo
1208 3713 1251 3767 dei

150 3797 227 3852 Greci
247 3816 261 3852 e
282 3800 325 3853 dei
342 3799 456 3854 Romani
477 3798 545 3853 1882
565 3818 592 3868 p.
606 3801 653 3854 73:
678 3799 968 3869 ‘l’Ipomnematogrufo
986 3799 1165 3854 introduttore
1181 3799 1250 3855 delle

150 3902 228 3941 cause
246 3902 337 3955 presso
355 3886 376 3939 il
394 3886 510 3941 Prefotto
531 3903 546 3940 ο
565 3885 633 3955 cosi,
652 3903 733 3942 senza
751 3887 864 3954 dubbio,
882 3902 974 3955 presso
992 3886 1014 3939 il
1030 3886 1088 3940 Ra'

236 3973 263 4041 2)
291 3975 323 4028 cf.
344 3974 479 4043 Wossely,
506 3974 699 4045 Prolegomena
725 3976 759 4030 ad
784 3991 845 4030 nov.
872 3975 935 4028 odit.
959 3991 1053 4044 papyr.
1077 3975 1169 4031 Graec.
1192 3992 1248 4030 cur.

150 4059 260 4115 Dissert.
279 4061 430 4116 Vindobon.
451 4060 520 4115 1883
539 4079 564 4131 p.
583 4062 623 4117 12.
