2820 4606
489 227 789 284 ,-3-

140 394 313 477 ἐπιδείξεις
345 398 469 479 habuit,
505 416 579 459 cum
610 396 726 477 scripta
759 414 817 457 sua
849 395 884 455 in
915 377 1042 476 publico
1076 392 1244 455 recitaret¹

96 513 100 522 '
139 503 220 566 Nam
244 498 429 580 ‘antestes'
453 506 485 564 et
508 493 787 563 ‘taidslavcoboi'
812 501 1009 580 usurpantur
1032 495 1118 560 etde
1141 496 1246 578 sophi-

140 615 261 672 starum
283 606 564 670 declamationibus
584 610 615 668 et
630 605 669 668 de
683 604 920 683 recitationibus
935 608 1101 686 poetarum
1117 603 1246 684 scripto-

139 731 276 797 rumque
303 717 335 776 et
357 711 396 775 de
418 729 612 794 unoquoque
637 709 767 789 artifice,
797 710 854 792 qui
880 710 956 771 artis
983 727 1058 771 suae
1088 709 1247 789 specimen
1274 710 1277 715 '

138 821 172 880 in
195 817 360 900 publicum
382 816 453 880 edit.
491 815 563 879 Hoc
581 834 623 878 ex
641 814 782 878 Luciano
801 816 869 896 ipso
888 814 1091 896 perspicitur,
1113 811 1148 876 cf.
1165 811 1247 875 Har·

140 935 266 985 mono.
284 925 317 986 3:
343 919 430 983 (ὅσοι
450 909 543 1006 δόξης
564 915 726 1003 ὀρέγονται
747 916 900 1004 δημόσιόν
919 941 950 980 τι
972 915 1246 998 ἐπιδεικνύμενοι]
1282 990 1284 996 Ι

141 1027 190 1090 Ι)ε
214 1027 339 1090 tibicine
361 1028 395 1088 in
418 1027 558 1090 eiusdem
577 1025 687 1089 Harm.
711 1011 772 1090 οζ2
796 1025 926 1088 dicitur:
957 1017 1001 1086 ‘ei
1023 1020 1149 1097 τούτοις
1171 1018 1247 1083 ἐπι-
1318 1043 1320 1047 ⁴

143 1127 264 1210 δείξαιο
295 1130 336 1193 πα
364 1127 554 1216 adultiores
599 1129 648 1193 De
675 1129 860 1193 Alexandro
888 1129 1126 1212 praestigiatore
1154 1127 1246 1189 Alex.

143 1256 167 1300 ο.
190 1237 245 1299 16;
277 1235 347 1322 (τὴν
375 1231 410 1298 δὲ
439 1229 596 1312 ἐπίδειξιν
625 1231 678 1312 οὐχ
706 1233 798 1312 δίπαξ
820 1233 838 1297 ὁ
860 1227 995 1317 praede)
1041 1231 1187 1314 Denique
1209 1232 1248 1294 de

25 1366 27 1368 ·
143 1346 241 1404 semet
263 1343 331 1424 ipso
354 1341 493 1423 dialogos
515 1341 667 1402 recitante
689 1339 850 1403 Lucienus
871 1341 905 1402 iu
926 1339 1031 1402 Piscat
1050 1358 1075 1401 o.
1092 1338 1128 1400 6:
1154 1333 1249 1399 ‘etad

46 1526 49 1530 Ι
142 1445 239 1528 γοῦν,
269 1446 388 1529 inquit,
413 1439 651 1523 (ἐπιδείκνυμαι
673 1441 888 1528 ἀνθρώποις,
920 1442 957 1507 of.
982 1443 1086 1506 Prom.
1107 1443 1142 1504 in
1162 1441 1248 1504 verb.

142 1569 167 1612 c.
196 1553 229 1613 2:
255 1545 373 1636 '‘alpsig
405 1545 440 1612 δὲ
470 1540 588 1612 εἴδωλα
620 1545 703 1612 ίίττα
730 1543 1000 1629 ἐπιδεικνύμεθα
1032 1547 1113 1610 είο.2
1163 1546 1248 1629 Ergo

141 1655 240 1738 verba
274 1655 342 1718 illa:
386 1651 507 1717 ιποίίίαι
544 1664 606 1716 τῶν
641 1649 828 1732 ἐπιδείξεων
859 1649 1072 1735 πεπανιιέναί
1109 1664 1174 1714 non
1209 1650 1250 1714 ad

143 1761 385 1823 declamationes
407 1759 608 1842 sophisticas,
631 1759 686 1822 sed
710 1759 749 1823 ad
770 1759 924 1822 librorum
946 1759 1148 1843 recitationes
1170 1756 1249 1820 refe

143 1865 240 1928 rende
261 1871 345 1929 sunt.
920 1848 927 1861 ⁸

230 1971 342 2053 Itaque
366 1971 411 2034 sic
431 1990 481 2060 res
503 1989 537 2033 se
559 1969 666 2033 habet:
685 1970 919 2034 ¹Samosateusis
939 1986 1042 2051 usque
1061 1968 1101 2030 ad
1117 1967 1250 2050 quadra-

144 2061 301 2158 gesimum
324 2059 444 2140 ann'um
466 2076 652 2139 rhetoricam
677 2076 819 2139 exercuit
838 2079 952 2153 artem3
977 2079 1045 2137 tum
1062 2074 1178 2155 scripta
1192 2093 1251 2136 sua

142 2178 268 2262 publice
297 2178 462 2260 recitabat,
497 2185 618 2263 postea,
649 2199 723 2243 cum
754 2179 897 2242 nondum
930 2179 1159 2260 consenuisset,
1195 2177 1250 2240 ali-

144 2284 310 2367 quamdiu,
341 2287 410 2348 sine
436 2284 532 2348 dubio
558 2267 625 2368 ρον
644 2286 822 2368 complures
845 2303 958 2366 annos,
989 2285 1104 2366 scripta
1125 2283 1250 2365 publice

144 2390 276 2452 recitare
300 2390 434 2469 destitit,
465 2395 534 2454 tum
556 2410 645 2473 vero,
677 2410 775 2454 senex
797 2390 913 2472 factus,
942 2408 979 2452 eo
1001 2394 1155 2470 tempore,
1188 2407 1250 2470 quo

143 2493 318 2557 Herculem
341 2496 481 2578 scripsit,
504 2496 608 2559 denuo
631 2497 665 2558 in
687 2495 851 2578 publicum
872 2487 1015 2578 prodiit.3

232 2596 320 2673 Quae
347 2619 421 2662 cum
446 2602 490 2663 ita
518 2602 597 2683 sint,
635 2593 823 2663 recitatio
840 2600 938 2663 libelli
965 2601 1119 2680 cuiusvis,
1151 2616 1251 2681 ‘quem

145 2702 237 2783 paulo
256 2708 330 2766 ante
348 2705 589 2788 conscripserat,
608 2704 847 2789 praefationem,
869 2723 950 2788 quae
964 2698 1124 2789 Ἡρακλῆς
1141 2704 1252 2766 inscri-

145 2807 240 2890 bitur,
263 2810 425 2891 excepisse
447 2809 583 2892 videtur,
605 2829 681 2873 non
706 2810 941 2873 declamatio.

230 2911 358 2976 Dixerit
387 2913 517 2977 forsitan
545 2917 715 2998 quispiam:
744 2917 770 2978 si
795 2916 854 2978 hae
875 2914 1084 2997 praefationes
1107 2934 1126 2976 a
1148 2914 1252 2976 rheto-

143 3015 234 3080 ribus
256 3018 476 3099 prolusionum
498 3020 567 3083 loco
589 3020 714 3083 habitae
737 3022 815 3103 sint,
844 3020 968 3102 quode
991 3019 1087 3083 Plinii
1110 3019 1252 3102 epistulis

144 3123 354 3206 cognoscitur,
378 3143 430 3186 eas
454 3143 583 3208 quoque
603 3124 857 3206 declamationes,
882 3122 1073 3207 quibuscum
1089 3125 1252 3207 copulatae

234 3379 260 3446 1)
282 3381 315 3434 cf.
334 3381 383 3436 Bis
401 3383 499 3437 Aecus.
520 3401 542 3438 c.
557 3383 597 3438 28.
627 3364 727 3439 Piscat.
746 3403 768 3440 o.
781 3384 823 3439 26,
851 3385 961 3456 Apolog.
981 3403 1003 3439 c.
1016 3384 1041 3437 3.
1068 3382 1155 3436 Prom.
1176 3397 1205 3434 es
1222 3381 1251 3433 in

73 3474 76 3480 '
144 3467 218 3520 verb.
240 3484 263 3522 o.
282 3467 306 3521 2.

232 3555 258 3621 2)
285 3555 398 3625 Saepius
421 3558 538 3627 simplex
564 3559 728 3614 ‘daramium’
757 3577 804 3629 pro
835 3561 1073 3615 ‘tnedrtavuotm’
1097 3562 1252 3629 usurpatur,

146 3641 178 3694 ef.
202 3643 278 3712 Apol.
303 3661 325 3698 c.
345 3645 392 3699 13:
422 3646 466 3697 ‘td
490 3647 660 3717 σύγγραμμα
683 3651 729 3701 καὶ
753 3650 783 3703 ἓν
805 3652 898 3718 πολλῷ
921 3651 1022 3717 πλήθει
1046 3649 1175 3720 δειχθέν)
1214 3650 1253 3704 Cf.

145 3728 243 3784 Herod.
263 3747 285 3784 o.
306 3732 330 3784 7.
368 3731 495 3787 Hermon.
516 3750 538 3787 ο.
557 3735 581 3787 3.
617 3735 690 3804 Scyt.
710 3753 732 3790 c.
748 3736 789 3790 10.
806 3737 839 3791 al.
1303 3735 1305 3739 ⁷

234 3817 262 3885 3)
287 3817 329 3871 No
353 3819 415 3887 quis
440 3837 455 3873 e
477 3821 608 3876 vocabulo
632 3818 702 3892 quod
725 3826 767 3878 est
796 3824 907 3876 ‘nalal’
936 3825 1082 3894 quidquam
1106 3824 1254 3893 concludat,

144 3905 244 3974 quippe
264 3906 335 3973 quod
354 3923 388 3960 ex
406 3910 534 3962 contextu
552 3912 696 3964 verborum
712 3928 790 3966 omne
802 3914 858 3966 fere
870 3914 999 3981 temporis
1012 3915 1130 3983 spatium
1144 3932 1254 3985 aparva

144 3991 199 4044 diei
217 3992 351 4060 particula
369 3995 402 4048 ad
420 3995 529 4065 longam
547 3998 716 4053 saeculorum
733 4001 830 4054 seriem
849 4001 1001 4071 significare
1019 4006 1119 4072 possit3
1138 4021 1161 4058 e.
1179 4023 1200 4059 o.
1220 4005 1253 4059 cf.

143 4077 208 4133 Luc.
227 4079 294 4134 Tim.
309 4079 343 4134 58
361 4081 407 4136 vel
425 4082 519 4166 Toxar.
533 4085 568 4139 30
585 4103 647 4140 oum
666 4087 732 4141 Tim.
746 4088 780 4141 36
798 4088 844 4142 vel
862 4089 939 4144 Char.
953 4090 977 4144 9.

1040 4182 1080 4249 lit
