2820 4606
554 165 770 222 „59-

110 336 252 399 Athenas
285 341 371 399 recta
403 336 455 398 via
486 335 660 419 profectum
692 333 736 397 ibi
766 335 872 397 statim
906 351 1029 416 semper
1052 333 1213 396 mansisse.

111 440 253 504 Fortasse
275 441 382 523 igitur,
406 441 433 503 si
456 440 622 504 obscurata
644 440 778 536 vestigia
799 437 1100 521 apophthegmatum
1122 437 1214 520 sequi

109 545 270 626 volumus,
291 544 459 608 Demonax
475 545 508 606 in
523 543 708 607 Macedonia
722 547 867 606 versatus
883 546 930 605 est
952 541 991 624 (c.
1010 541 1072 624 15),
1095 541 1214 604 Romae

110 647 165 731 (co.
189 652 239 712 38.
260 650 310 712 40.
331 647 400 731 41),
430 649 464 710 in
487 648 720 712 Lacedaemone
743 646 782 729 (c.
803 647 874 730 46),
904 647 940 709 in
962 645 1059 729 Epiro
1086 643 1125 729 (o.
1149 647 1213 727 55),

110 759 191 818 certe
208 754 373 838 Olympiae
392 753 431 838 (c.
449 751 504 838 58)
526 753 640 837 perdiu
662 772 737 816 vero
752 753 888 817 Athenis
904 751 944 835 (o.
963 753 1001 814 11
1027 755 1059 814 et
1072 748 1212 834 passim).

109 858 240 921 Annum
262 858 326 921 fere
349 859 557 921 centesimum
573 877 671 942 agens
686 861 831 922 mortuus
846 861 893 920 est
910 855 949 936 (ο.
966 855 1030 938 63).
1066 855 1110 918 Iis
1132 874 1214 937 quae

110 961 284 1026 Fhitnchius
307 964 341 1025 in
362 963 434 1026 edit.
456 963 516 1025 vol.
538 961 584 1045 H,
608 963 623 1024 1
652 982 682 1045 p.
704 962 766 1025 189
789 961 828 1024 de
850 966 990 1045 tempore
1012 959 1214 1024 Demonactis

110 1067 225 1148 optime
246 1066 365 1149 attulit,
388 1067 467 1129 nihil
488 1066 605 1149 heheu,
626 1066 711 1149 quod
733 1065 854 1129 addam.

198 1169 285 1245 Quae
307 1172 345 1235 de
368 1171 544 1235 eruditione
565 1169 769 1234 Demonactis
791 1169 970 1252 traduntur,
993 1169 1109 1252 optime
1131 1169 1215 1230 inter
1262 1185 1267 1192 ’

111 1294 143 1337 se
165 1280 355 1358 congruunt.
402 1277 432 1338 A
455 1295 552 1358 puero
576 1276 681 1339 studio
706 1273 920 1359 philosophiae
943 1292 1012 1337 sese
1034 1273 1097 1335 iam
1119 1271 1214 1353 dedit,

110 1383 223 1441 natura
252 1384 349 1462 atque
377 1380 506 1464 ingenio
537 1399 596 1443 suo
622 1387 785 1464 permotus
814 1377 853 1463 (c.
879 1378 921 1462 3).
974 1375 1088 1460 Neque
1116 1376 1215 1439 ahum

109 1482 225 1547 habent
249 1503 377 1547 sensum
394 1503 475 1568 quae
497 1503 522 1547 o.
541 1486 580 1547 12
596 1485 649 1549 fin.
666 1488 843 1547 narrantur.
881 1481 1081 1558 Quibuscum
1098 1481 1215 1565 optime

110 1593 308 1671 comparatur
336 1588 565 1672 fragmentum:
596 1587 757 1674 Δημῶναξ
786 1583 961 1673 ἑριαιηθεὶς
989 1583 1072 1649 πότε
1100 1580 1214 1670 ἤρξατο

110 1691 314 1779 φιλοσοφεῖν·
340 1691 392 1756 ὅτε
414 1693 690 1778 καταγιγνώσκειν,
715 1686 786 1778 ἔφη,
810 1689 947 1772 ἐμαυτοῦ
969 1687 1115 1777 ἠρξάμην.

195 1796 361 1860 Demonax
385 1805 491 1862 autem
514 1818 579 1862 non
603 1792 771 1872 ίἀνίπτοις
793 1790 891 1859 αοσί’
914 1796 1044 1859 accessit
1066 1794 1106 1857 ad
1128 1793 1216 1856 illam

114 1902 191 1965 vitae
212 1903 381 1985 rationem,
404 1904 458 1967 sed
487 1910 656 1987 postquam
685 1907 794 1986 poetas
816 1902 892 1985 legit
915 1905 946 1963 et
968 1899 1077 1962 didicit
1099 1903 1130 1962 et
1153 1897 1215 1961 elo·

113 2008 256 2087 quentiae
278 2007 383 2071 studio
407 2028 441 2072 se
461 2008 547 2072 dedit
568 2028 628 2071 nec
650 2009 789 2091 corporis
811 2006 933 2070 cultum
955 2005 1103 2088 neglexit.
1139 2002 1215 2065 Pro-

110 2116 214 2192 pterea
236 2113 270 2173 in
290 2113 562 2197 apophthegmatis
584 2114 709 2197 saepius
730 2113 912 2175 invenimus
931 2129 1004 2173 eum
1025 2109 1216 2172 athletarum

110 2217 280 2279 certamina
303 2223 495 2300 spectantem
516 2218 654 2281 iudicem
677 2236 786 2281 eorum
801 2216 888 2280 haud
903 2215 1088 2278 clementem
1109 2212 1148 2297 (c.
1166 2213 1215 2274 16.

111 2321 234 2384 31149.
260 2322 323 2405 65).
379 2321 428 2386 De
457 2324 620 2387 literarum
650 2323 830 2406 cognitione
858 2341 960 2404 pauca
989 2319 1214 2382 inveniuntur:

109 2424 269 2507 Apollonii
288 2426 405 2490 Rhodii
421 2429 636 2511 Argonautica
657 2433 789 2492 noverat
811 2427 850 2512 (c.
866 2425 935 2512 31),
957 2425 1133 2507 Homerum
1149 2419 1215 2506 (26.

111 2529 159 2615 60.
185 2531 254 2616 61),
278 2530 316 2594 (1ο
339 2531 448 2596 Danae
470 2533 618 2614 mythum
641 2531 680 2616 (c.
704 2533 774 2616 47),
797 2532 935 2615 denique
957 2527 1216 2613 philosophorum

110 2653 215 2717 opera,
246 2636 391 2718 inprimis
421 2637 564 2702 Platonis
595 2643 626 2702 et
653 2638 833 2701 Aristotelis
860 2636 899 2721 (c.
929 2638 978 2700 33.
1004 2635 1053 2698 56.
1077 2634 1128 2695 48.
1151 2630 1215 2717 62).
1297 2662 1302 2673 ·

109 2737 221 2822 Neque
243 2741 442 2824 singularum
465 2747 622 2806 sectarum
644 2746 810 2825 praecepta
832 2746 928 2824 atque
952 2739 1100 2823 dogmata
1126 2737 1216 2820 igno-

109 2842 205 2927 rabat,
227 2846 280 2908 sed
300 2846 426 2910 nullum
441 2849 627 2930 magistrum
642 2848 735 2931 plane
750 2865 887 2930 sequens
902 2844 1076 2908 multorum
1092 2842 1217 2905 decreta

109 2947 148 3011 ad
175 2970 264 3012 suam
294 2951 394 3034 ipsius
423 2954 611 3016 sententiam
637 2973 674 3016 ac
696 2953 893 3036 discipHnam
915 2950 1051 3033 redegit,
1077 2948 1215 3011 maxime

108 3072 183 3116 vero
207 3055 236 3116 ei
259 3055 402 3120 Socrates
424 3062 456 3120 et
478 3057 637 3141 Diogenes
659 3058 847 3141 placuerunt
870 3053 908 3140 (c.
925 3055 968 3137 5).

195 3157 314 3241 Pauca,
346 3180 427 3243 quae
455 3161 494 3224 de
521 3162 764 3246 philosophandi
786 3162 908 3225 ratione
929 3157 1132 3224 Demonactis
1155 3156 1216 3218 dici

107 3267 293 3344 potuerunt,
317 3263 464 3328 hocloco
487 3266 607 3350 collegi.
652 3265 796 3329 Dubium
819 3285 887 3330 esse
909 3285 975 3329 non
995 3267 1112 3349 potest,
1136 3261 1215 3344 quin

106 3366 322 3449 philosophiae
351 3389 424 3451 pars
453 3371 580 3434 moralis
609 3376 645 3434 ut
674 3371 743 3435 aliis
772 3371 869 3435 huius
897 3371 1009 3435 aetatis
1034 3369 1079 3431 ita
1106 3370 1215 3429 nostro

106 3471 292 3554 philosopho
323 3474 374 3536 vel
403 3475 542 3538 maxime
573 3495 668 3539 curae
696 3475 806 3558 fuerit,
835 3475 891 3540 sed
921 3476 1014 3538 etiam
1041 3473 1216 3555 logicorum

106 3579 138 3637 et
169 3576 347 3639 dialecticae
379 3578 484 3642 studio
514 3581 615 3664 magis
646 3583 714 3645 sese
741 3581 863 3645 dedisse
885 3579 1013 3642 videtur
1035 3596 1130 3660 quam
1153 3575 1215 3659 alii,

106 3699 132 3742 e.
150 3698 174 3741 c.
196 3679 367 3764 Epictetus.
404 3683 553 3765 Inprimis
575 3687 660 3748 enim
683 3685 821 3749 naturali
845 3683 981 3768 quadam
1002 3682 1122 3766 ingenii
1142 3701 1215 3744 acu-

106 3785 193 3848 mine
219 3788 248 3849 ei
276 3787 455 3851 dilemmate
479 3809 560 3872 quae
583 3796 738 3854 vocantur
758 3795 854 3872 atque
877 3788 1065 3873 sophisticae
1087 3786 1214 3850 conclu·
1327 3792 1330 3798 '

106 3889 211 3954 siones
238 3892 381 3955 iucunda
410 3893 555 3978 fuerunt,
584 3895 639 3960 sed
667 3916 732 3958 non
756 3901 819 3959 tam
843 3892 1096 3957 adiuvandorum
1119 3911 1214 3975 quam

104 3996 394 4080 impugnandorum
410 4000 623 4084 sophistarum
638 4021 741 4065 causa.
778 4000 891 4084 Itaque
906 3995 1214 4064 commemorandum
