2820 4606
612 237 806 294 ..5-

156 422 262 488 apros·
282 399 453 488 Ἡρολιλοις
474 414 530 490 τῆς
551 400 830 487 παραδοξολογίας
848 404 918 466 κιλ’
943 424 1036 469 nemo
1060 405 1100 468 ad
1123 404 1261 488 dialogos

157 509 356 591 satyricaque
386 510 501 591 scripta
529 513 620 571 antea
645 510 775 572 recitata
804 508 920 573 referre
948 530 1013 573 non
1041 515 1155 594 potest,
1188 529 1260 572 cum

155 615 189 676 in
218 614 410 698 sophisticis,
446 632 528 696 quae
559 620 743 696 supersunt,
779 614 855 698 quid
888 616 962 678 novi
994 617 1082 697 insit,
1116 616 1260 679 nesciam.

155 718 317 782 Lucienus
339 719 438 802 igitur
459 738 496 782 eo
518 722 672 802 tempore,
697 738 760 801 quo
777 718 911 782 Zeuxim
930 721 1067 803 scripsit,
1090 721 1154 783 iam
1176 725 1261 783 tran-

156 826 252 889 sierat
275 823 313 886 ab
336 824 499 887 rhetoricis
520 823 564 887 ad
586 824 722 904 satyrica
744 825 859 906 scripta
882 825 1104 908 componenda.
1148 824 1262 908 Itaque

157 949 215 992 cur
237 927 375 991 Meesius
398 928 436 990 de
457 927 593 1010 Baccho,
625 946 720 1011 quem
743 928 921 1011 sophisticis
944 934 1145 1011 annumerat,
1171 929 1262 994 aliter

157 1033 357 1115 iudicaverit,
386 1052 451 1096 non
483 1033 639 1117 intellego.
685 1033 725 1097 In
753 1034 872 1097 Bacchi
902 1036 999 1117 enim,
1030 1054 1125 1118 quem
1152 1035 1261 1098 eodem

157 1137 222 1201 fere
251 1143 390 1220 tempore
419 1141 514 1220 atque
535 1136 707 1201 Herculem
730 1141 907 1222 composuit
929 1146 1051 1222 auctor,
1082 1159 1147 1222 cap.
1172 1142 1190 1202 5
1217 1142 1262 1204 ita

159 1244 196 1306 dc
217 1243 349 1305 materia
370 1243 562 1306 recitationis
587 1262 682 1324 quam
704 1242 871 1308 habiturus
888 1250 947 1328 est,
970 1245 1124 1328 loquitur,
1146 1249 1261 1308 utnon

158 1347 363 1430 sophisticum
394 1346 448 1410 sed
478 1348 651 1428 satyricum
674 1353 770 1431 atque
799 1346 1014 1434 (παράδοξον
1038 1353 1260 1433 argumentum

157 1472 193 1516 ea
215 1452 370 1515 contineri
393 1457 547 1535 appareat.
587 1451 737 1516 Conferas
759 1455 853 1516 velim
877 1472 914 1516 ea
932 1455 1133 1536 potissimum
1156 1452 1261 1535 verba,

157 1577 238 1641 quae
266 1561 344 1621 sunt
371 1555 431 1620 sub
459 1555 555 1620 finem
581 1559 707 1640 capitis:
744 1553 997 1642 ίἐπαγγέλλομαι
1020 1554 1128 1632 αὐτοῖς
1152 1555 1262 1642 dtrbe

156 1659 209 1724 καὶ
233 1670 285 1733 ,νῦν
308 1659 350 1737 ὡς
371 1657 529 1746 πρότερόν
552 1682 634 1724 ποτε
654 1661 709 1748 τὴν
722 1660 849 1748 τελετὴν
863 1657 1062 1747 ἐθελήσουσιν
1078 1656 1109 1724 οἱ
1124 1657 1261 1725 παλαιοὶ

157 1763 322 1847 συμπόται
345 1764 458 1846 κώμων
480 1775 594 1829 κοινῶν
615 1775 677 1828 τῶν
699 1763 772 1828 edre
795 1777 927 1851 καιρῶν,
953 1761 1073 1852 καὶμὴ
1097 1788 1261 1853 καταφρο-

156 1870 273 1957 νήσωσι
303 1881 366 1933 τῶν
395 1869 542 1956 Σατύρων
572 1867 627 1933 καὶ
655 1870 810 1956 Σειλιγνῶν
838 1870 919 1936 aad)
965 1871 1084 1953 Ecquis
1115 1876 1177 1954 est,
1206 1873 1262 1954 qui

160 1997 208 2040 vv,
240 1985 301 2037 τῶν
329 1971 402 2038 τότε
432 1986 550 2060 καιρῶν
582 1975 745 2040 referenda
774 1980 865 2059 putet
895 1976 935 2040 ad
963 1976 996 2038 id
1025 1981 1164 2059 tempus,
1199 1995 1261 2058 quo

158 2081 330 2163 Lucienus,
361 2080 481 2144 scilicet
508 2084 581 2143 ante
611 2080 683 2163 plus
706 2081 822 2164 viginti
845 2101 946 2144 annos
968 2082 1075 2144 rhetor
1096 2081 1261 2144 extiterit?

157 2185 272 2249 Nonne
294 2185 410 2269 optime
433 2184 616 2249 referuntur
638 2185 677 2247 ad
700 2186 816 2268 scripta
836 2187 985 2266 satyrica,
1010 2204 1091 2267 quae
1106 2185 1263 2268 permulta

155 2291 287 2374 legerat,
314 2290 444 2353 minime
476 2309 551 2354 vero
574 2289 615 2353 ad
637 2289 878 2353 declamationes
901 2290 1123 2353 usitatissimas
1146 2309 1262 2373 easque

155 2395 354 2458 mediocres?
410 2395 518 2478 Atque
556 2396 649 2458 etiam
685 2395 777 2476 alias,
816 2413 896 2475 quae
935 2394 1063 2477 quidem
1096 2400 1168 2478 post
1203 2397 1263 2458 iter

157 2498 302 2582 Luciani,
325 2500 410 2582 quod
428 2499 484 2564 Bis
499 2500 572 2563 Acc.
596 2518 620 2562 c.
637 2500 676 2562 27
702 2498 899 2582 describitur,
922 2501 1116 2583 conscriptae
1133 2499 1261 2563 ridean-

158 2609 218 2686 tur,
240 2604 447 2688 praefationes
468 2606 513 2668 ita
532 2609 657 2668 coortas
676 2623 744 2668 esse
763 2608 851 2688 puto,
870 2609 908 2667 ut
922 2604 1160 2668 recitationibus
1175 2608 1261 2668 ante-

159 2711 315 2791 cesserint,
333 2729 398 2772 non
414 2709 692 2774 declamationibus
707 2709 879 2792 rhetoricis,
897 2729 977 2793 quae
992 2713 1068 2772 sunt
1083 2708 1261 2772 Electrum1

159 2818 190 2877 et
210 2813 419 2879 Ηοιόἀολαε.2
455 2814 610 2877 Tirocinia
629 2814 726 2878 huius
745 2815 869 2897 generis
889 2809 1039 2876 videntur
1053 2812 1263 2876 existimanda

157 2937 225 2983 esse
245 2918 457 2982 Harmonidcs
481 2923 513 2982 et
536 2918 665 3002 Scytha,
688 2938 825 3003 quorum
847 2918 886 2981 de
908 2922 1060 3000 tempore,
1083 2938 1160 2981 num
1184 2923 1262 2981 tem-

156 3025 225 3108 pori
261 3024 416 3088 rhetorico
451 3025 587 3088 auctoris
621 3023 830 3087 adiudicanda
868 3023 944 3105 sint,
985 3022 1089 3086 adhuc
1129 3021 1260 3106 ambige.
1381 3046 1384 3051 ·

157 3127 402 3192 Concedendum
437 3134 541 3193 tamen
577 3134 638 3213 est,
674 3147 782 3192 omnes
817 3126 996 3212 προλαλιὰς
1030 3129 1262 3211 ahquantulum

73 3229 75 3232 ’
157 3233 281 3297 differre
310 3233 349 3296 ab
377 3233 448 3296 aliis
476 3235 599 3316 scriptis
622 3234 765 3314 satyricis
792 3233 844 3296 vel
866 3232 1021 3296 historicis
1041 3232 1188 3314 Luciani,
1217 3234 1263 3296 ita

158 3343 194 3402 ut
223 3341 254 3401 et
281 3339 316 3400 in
345 3338 495 3401 narrandi
521 3339 642 3402 ratione
671 3342 703 3402 et
723 3339 758 3400 in
781 3343 896 3401 ornatu
918 3339 1053 3401 oratorio
1075 3337 1168 3421 paulo
1191 3357 1262 3420 pro-

156 3444 229 3526 pius
256 3443 406 3507 accedant
437 3443 477 3507 ad
506 3443 669 3507 rhetorica.
716 3440 811 3517 Quod
839 3444 874 3505 ni
902 3443 993 3506 fallor
1022 3443 1138 3526 optime
1162 3443 1262 3525 expli-

159 3552 261 3611 catur:
293 3549 450 3612 rhetorica
478 3549 563 3612 enim
592 3568 671 3612 usus
702 3551 750 3612 est
779 3547 879 3611 forma
906 3547 1079 3630 Lucienus,
1110 3552 1146 3610 ut
1173 3565 1262 3630 prae-

158 3652 273 3716 fatione
300 3691 328 3698 „.
355 3655 534 3717 memoriter
555 3653 687 3717 fortasse
708 3655 914 3737 pronuntiata
934 3690 973 3698 --
995 3653 1082 3716 velut
1105 3651 1261 3735 specimen

157 3755 273 3821 hberae
297 3757 420 3820 dicendi
442 3759 518 3822 artis
542 3758 642 3840 daret,
671 3759 858 3842 priusquam
887 3755 1105 3842 (σύγγραμμα
1133 3757 1262 3840 aliquod

156 3881 198 3926 ex
220 3862 436 3945 manuscripto
458 3862 584 3946 legeret.

246 4086 272 4152 l)
292 4085 327 4140 cf.
345 4101 367 4139 c.
386 4085 409 4138 2.
516 4083 542 4152 2)
561 4085 594 4138 cf.
614 4102 636 4139 c.
652 4085 678 4138 5.
