2820 4606
397 216 809 288 ',-26-

153 413 257 477 neque
279 396 364 458 enirn
386 400 581 478 compertum
603 393 769 477 habemus,
791 412 870 455 num
885 393 919 454 in
933 391 1014 454 libro
1029 389 1260 472 mandatorum,

155 519 250 583 quem
277 520 391 582 parurn
420 501 582 579 novimus,
612 498 738 564 eaedem
764 503 859 582 atque
883 497 917 559 in
941 496 1084 580 epistulis
1105 494 1260 558 formulae

152 603 297 668 fuerint¹

240 708 352 792 Itaque
380 728 455 791 curn
485 728 526 772 ex
556 709 616 772 hoc
645 710 713 773 loco
742 708 822 771 nihil
844 725 975 791 prorsus
998 704 1166 786 efficiatur,
1195 723 1259 785 quo

152 814 266 878 melius
293 814 458 878 enucleare
486 815 657 897 possimus,
690 819 848 898 quatenus
877 812 1037 876 Lucianus
1066 829 1117 874 res
1143 809 1260 872 Roma

152 938 269 982 norum
289 921 431 1004 cognitas
453 919 599 984 habuerit
622 938 766 1004 quaeque
790 919 917 982 omnino
941 917 980 981 de
1005 917 1045 980 iis
1065 915 1260 999 cogitaverit,

153 1024 281 1088 aliunde
302 1024 394 1088 nobis
414 1043 456 1088 ex
478 1025 602 1108 scriptis
624 1026 692 1088 eius
714 1026 806 1108 quasi
828 1024 948 1088 auxilia
969 1019 1155 1086 arcessenda
1174 1025 1259 1083 0001.

153 1128 352 1194 Schwarzius
382 1149 523 1213 quoque,
554 1131 705 1212 quoniam
734 1148 775 1192 ex
805 1129 889 1211 loco,
921 1146 1016 1211 quem
1044 1125 1259 1207 tractavimus
1330 1120 1333 1125 ’

153 1233 383 1298 demonstrasse
406 1234 467 1297 sibi
489 1234 624 1319 videtin,
653 1233 830 1297 Lucianum
851 1234 980 1317 linguae
998 1232 1114 1295 latinae
1136 1230 1259 1313 peritis-

153 1339 269 1403 simum
297 1338 409 1421 fuisse,
440 1339 500 1402 alia
522 1339 623 1403 multa
644 1339 745 1422 affert,
777 1358 858 1421 quae
881 1337 981 1401 eidem
1004 1337 1050 1400 rei
1072 1338 1258 1420 argumento

152 1439 219 1508 fore
241 1443 420 1507 arbitratur.

240 1548 349 1632 Atque
375 1549 516 1632 primurn
547 1548 690 1631 quidem,
721 1549 807 1632 quod
836 1548 925 1629 dicit,
958 1545 1148 1628 Lucianum,
1183 1563 1259 1607 cum

154 1671 252 1716 senex
281 1653 502 1737 magistratum
531 1672 696 1717 romanum
728 1653 973 1734 administraret,
1006 1651 1113 1714 literas
1144 1649 1259 1712 latinas

154 1757 295 1840 scivisse,
325 1777 382 1841 pro
405 1758 504 1821 nihilo
527 1757 709 1822 habendum
730 1758 803 1823 est²
847 1758 930 1820 Nam
958 1776 1031 1820 cum
1054 1757 1088 1817 in
1111 1753 1260 1818 omnibus

153 1862 282 1925 orientis
304 1863 476 1945 provinciis
497 1864 667 1946 imperator
687 1864 956 1948 magistratusque
979 1879 1090 1946 graeco
1114 1878 1259 1923 sermone

151 1965 278 2050 publice
308 1967 509 2050 utebantur,³
538 1973 607 2031 turn
635 1969 671 2030 in
692 1969 840 2052 Aegypto
864 1987 987 2051 semper
1009 1965 1117 2030 eadem
1139 1965 1259 2048 lingua,

153 2092 171 2134 a
193 2071 381 2136 Ptolemaeis
409 2073 537 2158 regibus
561 2094 629 2157 usu·
645 2074 772 2158 publico
795 2076 858 2138 iam
880 2078 1017 2157 recepta,
1048 2093 1067 2135 a
1093 2072 1258 2155 magistra-

152 2177 239 2241 tibus
267 2179 417 2261 romanis,
449 2179 534 2262 quod
563 2179 793 2264 praefectorum
821 2180 944 2262 edictis,
974 2196 1055 2262 quae
1078 2180 1259 2259 supersunt,

153 2282 288 2346 dilucide
312 2282 552 2368 demonstratur,
575 2291 727 2370 usurpata
749 2291 803 2350 est.
843 2284 950 2361 Quid?
974 2283 1013 2346 ab
1033 2284 1102 2367 ipso
1118 2279 1258 2344 Luciano

153 2388 269 2472 quippe
293 2389 349 2471 qui
366 2389 473 2452 virum
496 2409 662 2454 romanum
685 2389 918 2454 nobilissimum
940 2407 1051 2473 graeca
1072 2405 1138 2449 000
1160 2386 1259 2449 latina

150 2493 206 2555 illa
235 2493 423 2557 salutatione
452 2488 589 2578 ‘opleta’
613 2495 769 2559 allocutus
798 2497 853 2578 sit,
884 2513 991 2557 nonne
1013 2493 1257 2574 demonstratur,

152 2597 245 2660 etiam
267 2599 302 2660 in
326 2599 448 2681 privata
469 2599 554 2662 inter
575 2619 609 2664 se
632 2600 861 2664 consuetudine
885 2600 1088 2684 magistratus
1111 2615 1258 2659 romanos

151 2721 262 2785 graeco
292 2722 436 2769 sermone
466 2724 542 2768 usos
572 2707 664 2768 esse?
708 2704 821 2789 Neque
842 2704 913 2768 ideo
936 2707 1094 2787 quatenus
1114 2701 1257 2784 linguam

150 2803 282 2870 latinam
304 2809 433 2873 sciverit
453 2808 627 2893 Lucienus,
658 2811 717 2874 hac
744 2829 779 2874 re
800 2811 918 2894 percipi
941 2809 1005 2872 ullo
1028 2807 1122 2870 modo
1144 2809 1258 2889 potest,

153 2932 335 2994 quanquam
358 2933 432 2977 eum
453 2914 551 2979 verba
571 2915 678 2999 aliqua
699 2916 798 2979 latina
814 2916 943 2979 scivisse
961 2919 993 2977 et
1011 2917 1257 2977 consentaneum

186 3151 189 3157 .
240 3120 267 3185 1)
288 3118 367 3173 Solus
390 3119 437 3176 Th.
458 3120 597 3176 Mamilius
623 3119 906 3190 (0001010590)
932 3120 964 3173 de
989 3119 1041 3173 hoo
1065 3116 1156 3171 libello
1179 3116 1258 3185 plura

151 3204 266 3261 00101000
283 3206 399 3261 videtur
680 3192 689 3204 ¹

240 3293 267 3361 2)
285 3293 445 3364 Bernhardy
462 3295 491 3348 in
507 3295 547 3349 lit.
562 3312 601 3365 gr.
615 3295 630 3349 I
648 3313 673 3364 p.
686 3295 736 3350 581
755 3295 867 3363 optime:
888 3294 952 3348 ‘mn
964 3294 1047 3349 Mann
1063 3293 1114 3346 0010
1130 3291 1257 3360 Lucian’,

151 3379 254 3449 inquit,
273 3382 335 3436 ‘hat
351 3381 381 3435 in
399 3381 674 3437 seinemordmischen
690 3384 770 3436 Amte
787 3383 835 3437 des
852 3382 962 3438 Latoius
979 3380 1057 3434 nicht
1073 3378 1197 3433 bedmtt)

239 3469 266 3535 3)
286 3468 392 3536 Quanta
409 3470 439 3523 in
457 3469 609 3525 calamitate
627 3470 731 3525 romani
749 3470 850 3524 fuerint
867 3469 1007 3538 praefecti,
1027 3484 1089 3521 cunr
1106 3467 1135 3520 in
1152 3467 1256 3536 graecis

151 3556 299 3623 provinciis
319 3559 461 3612 versantes
479 3573 602 3626 graecam
619 3557 741 3627 linguam
760 3574 814 3612 non
833 3557 1003 3623 didicissent,
1028 3546 1198 3624 cognoscitur
1222 3570 1257 3608 ex

150 3643 308 3700 Philostrati
330 3644 379 3698 011.
404 3644 490 3714 Apoll.
507 3645 541 3713 V,
558 3645 605 3712 34,
622 3646 652 3712 4,
677 3644 724 3699 ubi
744 3644 903 3714 Apollonius
927 3643 1024 3697 festive
1044 3645 1147 3697 narrat:
1176 3642 1257 3695 ‘aava

151 3731 215 3790 τοὺς
239 3732 370 3801 χρόνους,
403 3732 449 3791 otte
476 3732 505 3785 ἐν
527 3733 734 3800 Πελοποννήσῳ
762 3732 912 3804 διῃτώμην,
939 3731 1032 3800 ἡγεῖτο
1060 3738 1107 3795 τῆς
1127 3725 1257 3791 Ἑλλάδος

152 3819 301 3887 ίίνθρωπος
328 3819 376 3870 οὐκ
401 3818 482 3879 εἰδὼς
508 3819 543 3871 τὰ
566 3813 711 3884 Ἑλλήνων,
738 3821 785 3871 καὶ
814 3817 872 3871 οὐδ’
900 3819 929 3870 οἱ
948 3811 1074 3884 Ἕλληνές
1099 3837 1126 3868 τι
1151 3818 1256 3870 ἐκείνου

152 3909 286 3966 ξυνίεσαν.
308 3905 426 3973 ἔσφηλεν
447 3903 497 3959 οὖν
513 3908 560 3957 καλ
578 3907 686 3975 ἐσφάλη
704 3905 738 3958 τὰ
756 3908 885 3958 πλεῖστα·
905 3908 933 3957 οἱ
949 3905 1004 3975 γὰρ
1021 3904 1147 3974 ξύνεδροί
1163 3907 1256 3957 τεκαὶ

150 3994 279 4046 κοινωνοὶ
302 4000 348 4058 της
370 3994 400 4046 ἐν
417 3998 476 4053 tois
495 3994 683 4063 δικαστηρίοις
700 3993 812 4061 γνώμης
829 3994 998 4060 ίκαπήλευον
1020 3991 1069 4050 τὰς
1093 3991 1171 4051 δίκας
1195 3992 1256 4044 δια-

151 4079 278 4147 λαβόντες
295 4079 344 4132 τὸν
363 4079 482 4151 ἡγεμόνα
501 4079 594 4151 ὥσπερ
612 4077 811 4150 ἀνδραποδον.’
