2820 4606
601 234 818 291 „30-

156 401 301 464 Primum
324 400 491 463 dicendum
514 405 577 480 est,
600 419 705 484 neque
728 421 746 462 a
769 401 946 466 Schwarzio
969 418 1073 486 neque
1097 403 1219 468 absalio
1244 425 1263 469 e

156 508 282 591 scriptis
302 505 469 569 Lucianeis
492 505 595 568 ullum
617 506 722 568 virum
744 511 817 588 post
836 506 1046 571 Rutilhanum
1068 510 1136 572 erui
1158 528 1262 593 posse,

157 633 252 698 quem
281 612 316 673 in
344 629 378 674 re
400 609 526 694 pubhoa
546 616 724 674 versantem
746 610 906 675 Lucianus
927 612 1046 676 Romae
1068 616 1262 678 convenerit.
1286 659 1289 667 ·

243 717 452 781 Rutillianum
480 717 579 800 igitur
602 714 762 780 Lucianus
785 737 804 780 a
825 719 958 800 nuptiis,
989 701 1068 801 quas
1091 739 1164 782 cum
1185 719 1262 783 Aie-
1316 761 1318 764 <

155 824 270 888 xandm‘
302 822 368 886 filia
399 822 535 904 paravit,
573 821 755 886 dehortatus
788 826 864 890 est¹
921 823 1115 888 Rutillianus
1152 830 1262 889 autem

155 929 273 993 Romae
306 930 411 992 erati:
449 945 523 1010 ergo
556 925 716 990 Lucienus
751 947 878 1010 quoque
914 928 1110 1011 aliquamdiu
1141 929 1260 994 Romae

155 1038 364 1097 commoratus
387 1036 442 1095 est.
478 1029 671 1113 Certissime,
690 1032 751 1094 hoc
772 1052 838 1095 non
859 1052 953 1116 nego,
976 1033 1031 1096 sed
1053 1035 1142 1097 nullo
1164 1035 1260 1098 modo

154 1159 196 1203 ex
229 1158 264 1202 eo
299 1137 405 1220 colligi
434 1136 520 1217 licet,
552 1136 706 1218 quamdiu
738 1137 802 1200 illio
834 1137 936 1203 fuerit.
979 1136 1140 1222 Sophistas
1174 1142 1260 1204 enim

154 1245 390 1329 peregrinantes
413 1240 573 1304 celerrime
594 1247 626 1304 et
647 1243 753 1325 ipsum
775 1244 997 1326 imperatorem
1019 1249 1051 1307 et
1073 1244 1150 1308 ahos
1173 1247 1260 1308 viros

153 1349 315 1414 illustres³
336 1347 521 1431 cognovisse
543 1365 584 1409 ex
606 1346 791 1410 Philostrati
819 1348 887 1413 vitt.
911 1347 1004 1431 Soph.
1027 1349 1117 1412 facilc
1139 1355 1188 1413 est
1209 1351 1259 1413 in-

153 1456 289 1519 tellectu.
333 1451 488 1533 Namque
516 1451 580 1514 illis
610 1451 804 1534 temporibus
833 1471 946 1536 graeca
975 1453 1109 1516 eruditio
1139 1453 1259 1517 Romae

41 1560 42 1565 ’
153 1564 316 1642 tantopere
338 1554 478 1639 vigebat,
509 1559 546 1617 ut
569 1554 660 1618 facile
684 1558 740 1639 qui
762 1575 825 1619 non
849 1558 912 1619 nisi
933 1576 1043 1641 graece
1065 1556 1155 1641 loqui
1178 1558 1258 1622 didi-

152 1667 259 1745 cisset,
291 1661 347 1724 diu
369 1660 488 1723 Romae
515 1662 700 1723 commorari
731 1666 762 1724 et
788 1661 866 1724 viris
893 1655 1031 1726 romanis
1053 1662 1258 1728 nobilissimis

152 1769 347 1833 familiariter
372 1767 422 1828 uti
447 1770 560 1848 posset.
605 1765 686 1828 Tum
712 1785 787 1829 vero
810 1765 987 1830 Lucianum
1007 1773 1044 1831 ut
1067 1773 1134 1831 erat
1155 1770 1260 1833 inimi-

152 1876 298 1939 cissimus
319 1871 483 1935 mendacio
507 1875 603 1952 atque
625 1872 856 1955 superstitioni,
877 1872 939 1936 tale
954 1874 1123 1936 consilium
1138 1874 1261 1940 dedisse

152 1980 230 2042 mihi
253 1976 381 2062 quidem
403 1974 531 2038 videtur
553 1980 813 2059 consentaneum,
838 1979 959 2041 etiamsi
977 1977 1121 2041 nondum
1135 1980 1259 2064 longin-

153 2103 237 2166 quus
259 2101 339 2146 usus
362 2080 421 2145 sibi
443 2080 673 2144 intercessisset
697 2101 734 2144 ac
755 2081 948 2145 familiaritas
970 2101 1044 2146 cum
1066 2083 1258 2149 Rutilliano:

151 2209 224 2252 oum
261 2187 445 2270 praesertim
479 2190 600 2249 veteres
633 2205 740 2269 neque
775 2191 862 2250 tanta
897 2189 1043 2251 cautione
1078 2190 1259 2271 vituperare

151 2311 256 2377 neque
287 2290 417 2355 laudare
449 2294 537 2352 tanta
570 2291 746 2354 temeritate
777 2281 896 2373 quanta
928 2293 1118 2357 recentiores
1150 2294 1258 2358 solitos

151 2418 220 2462 esse
243 2417 284 2462 ex
304 2395 532 2461 Samosatensis
559 2395 660 2477 ipsius
682 2394 797 2459 libellis
816 2398 935 2478 passim
957 2396 1105 2461 discatur.
1148 2400 1258 2482 Atque

152 2503 245 2567 etiam
267 2500 473 2582 Rutillianus
505 2500 561 2581 qui
587 2499 642 2561 illo
670 2501 802 2564 consilio
825 2502 967 2584 neglecto
990 2503 1127 2585 puellam
1150 2509 1256 2568 tamen

42 2617 46 2623 '
151 2610 185 2671 in
203 2607 441 2670 matrimonium
456 2604 564 2687 duxit,
587 2603 764 2669 Lucianum
778 2626 891 2689 parum
907 2608 1012 2670 novit:
1037 2628 1078 2670 an
1093 2609 1257 2672 oraculum

152 2732 225 2776 eum
247 2713 421 2797 petihmum
450 2710 548 2773 fuisse
569 2715 663 2792 putas
685 2710 724 2773 ab
749 2712 932 2775 Alexandro
956 2712 994 2774 de
1016 2711 1155 2776 Luciane
1177 2715 1256 2798 ipso,

151 2819 178 2881 si
200 2836 274 2879 cum
297 2834 333 2879 eo
355 2817 419 2878 iam
445 2814 564 2877 diutius
586 2815 767 2878 vixissetl4
805 2815 954 2899 Denique
975 2815 1170 2881 Rutillianus
1192 2839 1256 2882 ser-

149 2923 253 2984 monis
272 2922 376 3004 graeoi
399 2938 527 3003 compos
549 2924 629 2998 erat,
651 2920 703 2982 eui
726 2939 799 2983 oum
813 2921 997 2985 Alexander
1018 2942 1129 3006 graeca
1151 2923 1256 2987 reddi-

151 3026 249 3090 disset
270 3043 433 3107 responsa,
457 3023 495 3086 ab
519 3043 555 3088 eo
577 3042 689 3107 graeca
711 3027 855 3107 quaesita
876 3046 944 3090 esse
966 3027 1114 3093 constat.5

237 3131 351 3212 Itaque
376 3130 583 3211 usqueadeo
608 3129 689 3191 nihil
712 3131 908 3195 necessitatis
929 3132 1035 3214 videa,
1064 3151 1122 3194 cur
1143 3131 1255 3195 Lucia-

150 3257 229 3299 num
256 3234 350 3297 bene
379 3234 478 3296 latina
508 3235 637 3298 scivisse
665 3234 837 3299 credamus.
881 3237 963 3299 Tum
985 3255 1060 3301 vero
1087 3237 1255 3318 inprimis

41 3341 46 3352 '
150 3338 355 3404 statuendum
374 3343 445 3420 est,
482 3357 590 3421 omnes
618 3337 684 3401 fere
714 3340 783 3402 eius
813 3343 924 3404 aetatis
954 3346 1097 3404 auctores
1124 3359 1255 3423 graecos

149 3446 247 3508 latina
284 3462 397 3527 parum
433 3440 587 3506 didicisse.
643 3440 735 3516 Quod
771 3445 806 3506 ni
839 3445 930 3508 fallor
963 3463 980 3508 e
1014 3444 1153 3507 Luciauo
1185 3446 1254 3529 ipso

237 3651 263 3718 1)
282 3648 360 3703 Alex.
382 3664 405 3702 c.
423 3647 465 3702 54.
527 3670 530 3677 ·

237 3735 264 3802 2)
284 3735 361 3789 Alex.
380 3752 404 3789 c.
423 3733 465 3788 30.
482 3733 524 3787 35.

236 3823 263 3889 3)
281 3823 372 3878 Talem
389 3822 475 3876 fuisse
493 3819 673 3874 Rutillianum
691 3836 706 3873 e
723 3819 842 3875 Luciano
861 3821 928 3876 satis
947 3823 1059 3876 constat.
1095 3822 1165 3874 Eum
1189 3838 1252 3876 eon-

149 3909 237 3967 sulem
255 3910 318 3965 anni
338 3909 388 3963 169
406 3927 431 3978 p.
446 3907 508 3962 Chr.
524 3907 609 3962 hiisse
621 3907 756 3974 suspicor:
775 3908 808 3960 of.
822 3907 911 3976 Klein,
924 3909 988 3963 fasti
1001 3908 1156 3964 consulares
1174 3927 1199 3977 p.
1210 3911 1252 3965 78.

235 3999 264 4066 4)
282 3996 360 4051 Ale'x.
379 4014 403 4051 c.
420 3997 462 4050 54.

236 4087 264 4153 5)
282 4085 360 4138 Alex.
383 4101 406 4138 c.
425 4085 467 4137 51.
