2820 4606
593 182 837 300 <a-

190 383 327 464 πάσχειν
360 371 627 446 ἀναπείθουσαν)
682 380 771 444 Haec
808 383 907 464 igitur
945 380 985 442 ad
1021 398 1129 442 veram
1167 399 1294 442 causam

189 489 321 553 Luciani
346 488 503 569 pertinere
526 487 643 568 opinati
666 490 749 550 sunt.
796 484 857 548 Sed
879 486 961 547 hane
983 503 1110 547 causam
1132 483 1293 547 Lucianus

189 595 257 677 ipse
278 595 342 656 iam
364 592 560 675 exprompsit
582 590 687 653 verbis
709 610 734 653 c.
761 591 794 652 9:
819 583 866 651 ‘al
937 578 1037 651 ἐκεῖνο
1057 584 1200 671 λέγοιμι.
1216 585 1293 671 μήτε

641 690 735 778 ἀλλης
753 692 840 769 τινὸς
860 687 992 767 ἐλπίδος
1010 689 1159 776 τοιαάιης
1182 689 1292 753 δελεα-

191 798 286 877 σθεὶς
306 801 482 886 ὑποστῆναι
504 799 560 885 τὴν
582 806 757 883 παροῦσανΙ
771 793 958 860 συνουσίαν]
1001 798 1109 880 Atque
1132 797 1158 859 si
1180 796 1235 858 illa
1257 815 1293 858 eo

189 909 283 971 modo
313 909 577 988 interpretantur,
606 905 733 966 omnino
760 908 954 987 repugnant,
985 921 1065 985 quae
1087 903 1237 985 leguntur
1259 901 1293 961 in

112 1020 115 1025 ’
191 1033 215 1077 c.
241 1013 296 1075 11:
330 1007 409 1073 ‘odd'
430 990 523 1095 Ιἡμεῖς
546 1007 627 1071 οὕτω
650 1004 782 1093 πένητες
804 1004 934 1091 εὐλόγου
956 1001 1148 1090 ἀπολογίας,
1173 1005 1215 1082 ὡς
1237 1003 1293 1068 ’ὑπ’

90 1138 92 1146 ⁴
190 1111 330 1200 ἀπορίας
347 1114 389 1177 rel
406 1122 541 1176 τοιαῦτα
560 1111 760 1201 κρησφύγετα
781 1111 864 1197 πρὸς
881 1113 937 1198 τὴν
954 1107 1144 1197 κατηγορίαν
1162 1109 1290 1196 ζητεῖν’;

190 1221 307 1306 quibus
327 1212 500 1300 indicatur,
515 1237 643 1281 causam
664 1217 751 1280 illam
771 1217 852 1279 nihil
874 1217 936 1279 nisi
955 1236 1074 1279 vanum
1094 1220 1294 1300 praetextum

188 1328 333 1390 futurum
354 1324 460 1390 fuisse.
497 1323 582 1386 Vera
603 1324 686 1385 inest
704 1342 798 1385 causa
820 1323 856 1384 in
876 1321 981 1384 verbis
1004 1340 1028 1383 c.
1050 1323 1085 1385 9:
1111 1321 1180 1407 ιτὴν
1203 1320 1292 1383 σύνε-

92 1483 95 1489 .
190 1450 241 1495 σιν
263 1427 319 1492 καί
340 1423 488 1512 ἀνδρείαν
507 1424 563 1490 καί
584 1425 793 1511 μεγαλόνοιαν
814 1435 873 1489 τοῦ
895 1423 1007 1510 ἀνδρὸς
1022 1423 1196 1507 θαυμάσας
1216 1423 1292 1488 ἀθε-

141 1599 142 1602 ,
189 1536 284 1621 λῆσαι
316 1543 505 1618 κοινωνῆσαι
539 1529 686 1617 πράξεων
718 1541 764 1615 τῷ
793 1529 950 1614 τοιούτῳ]
1002 1530 1063 1595 Sed
1092 1531 1153 1613 fae,
1186 1533 1293 1613 inopia

190 1644 382 1704 commotum
410 1657 530 1700 munus
557 1637 637 1700 illud
660 1633 944 1714 ’(πολντάλαντονζ
976 1636 1060 1718 quod
1082 1636 1228 1707 videficet
1249 1637 1293 1698 ita

190 1744 386 1825 describitur,
402 1748 438 1807 ut
452 1743 603 1805 esurienti
618 1746 797 1807 extremum
811 1742 969 1825 refugium
979 1740 1129 1822 praebere
1139 1741 1293 1821 videatur,

188 1848 366 1913 Lucianum
389 1849 580 1930 suscepisse:
604 1867 683 1911 num
706 1849 815 1912 eadem
837 1868 932 1912 causa
954 1845 994 1908 ad
1014 1847 1173 1910 iterandas
1195 1846 1311 1908 decla>

190 1956 345 2017 mationes
377 1991 416 2000 -
444 1952 575 2015 fortasse
606 1952 713 2015 decem
742 1955 833 2016 annis
864 1957 958 2016 antel
993 1991 1031 1998 —
1061 1951 1216 2015 adductus
1246 1953 1295 2031 sit,

191 2061 363 2140 nescimus,
387 2078 460 2122 oum
481 2058 519 2121 de
541 2059 599 2121 hae
621 2078 656 2122 re
676 2076 807 2141 prorsus
829 2060 969 2122 tacuerit.

278 2164 396 2227 Mirum
419 2170 526 2243 tamen
548 2168 643 2245 esset,
666 2165 694 2227 si
713 2163 873 2227 Lucianus
895 2183 993 2228 senex
1013 2163 1117 2225 denuo
1141 2163 1178 2224 ad
1196 2167 1294 2224 artem

167 2270 392 2350 rhetoricam,
415 2270 479 2331 iam
502 2269 624 2351 pridem
646 2273 733 2331 tanto
756 2252 891 2332 clamore
913 2288 978 2330 non
998 2270 1066 2330 sine
1087 2269 1294 2331 ostentatione

191 2374 380 2454 derelictam,
403 2375 594 2436 accessisset.
636 2373 749 2456 Neque
763 2373 897 2437 dubium
911 2373 975 2436 fere
991 2377 1046 2453 est,
1071 2375 1150 2455 quin
1164 2373 1294 2456 dialogis

188 2479 367 2562 libellisque
390 2480 534 2559 satyricis
555 2479 725 2542 recitandis
747 2480 876 2542 rictum
889 2479 949 2542 sibi
969 2479 1169 2562 quaesiturus
1190 2477 1294 2560 fuerit,

188 2604 253 2646 non
278 2584 557 2647 declamationibus
581 2584 766 2665 sophisticis.

276 2686 399 2750 Deinde
429 2706 518 2769 vero,
549 2707 743 2770 quamquam
770 2707 811 2751 ex
840 2688 935 2752 Here.
963 2708 988 2752 c.
1013 2689 1030 2750 7
1059 2693 1143 2752 certo
1167 2691 1293 2752 conclu-

190 2792 286 2872 ditur,
312 2791 488 2855 Lueianum
513 2792 617 2855 denuo
638 2793 672 2854 in
694 2792 858 2874 pubhoum
878 2793 1045 2875 prodiisse,
1073 2793 1216 2857 nondum
1238 2813 1294 2857 ex-

188 2895 346 2977 ploratum
374 2896 540 2978 habemuS,
570 2899 679 2960 utru'm
708 2898 818 2978 semel,
849 2917 890 2960 an
913 2899 1051 2980 saepius,
1078 2899 1292 2981 peregrinam,

189 3019 230 3061 au
252 3018 317 3062 uno
340 3018 506 3064 remanens
526 3001 594 3064 loco
618 3000 742 3064 dixerit.
781 3001 895 3084 Itaque
919 3002 996 3084 quid
1017 3003 1065 3066 rei
1085 3004 1139 3084 sit,
1162 3002 1292 3086 diligen-

190 3104 253 3166 tius
276 3105 493 3168 sciscitaturus
516 3126 595 3169 sum.
791 3177 793 3183 ,

275 3209 382 3272 Verba
413 3207 531 3272 ‘irater
552 3219 615 3272 τῶν
638 3204 825 3288 ἐπιδείξεων
848 3207 1060 3294 πεπαυμένην
1089 3211 1166 3275 falso
1195 3212 1292 3274 inter-

188 3315 302 3395 pretati
324 3318 400 3377 sunt
422 3314 463 3394 ei,
494 3314 549 3396 qui
571 3314 787 3398 credidenmt,
818 3313 995 3378 Lucianum
1023 3315 1062 3378 de
1088 3334 1126 3378 eo
1154 3321 1293 3397 tempore

188 3417 289 3499 loqui,
322 3437 385 3500 quo
416 3419 604 3481 rhetoricam
634 3419 911 3503 quadragesimum
938 3419 1002 3484 lere
1031 3439 1152 3483 annum
1181 3421 1293 3484 aetatis

188 3540 286 3604 agens
314 3522 466 3605 deseruit,
495 3522 587 3605 falso,
617 3524 699 3605 dieo,
733 3525 808 3608 quia
837 3525 930 3588 etiam
959 3529 1031 3608 post
1058 3524 1139 3588 illud
1168 3529 1293 3607 tempus

278 3797 304 3861 1)
333 3795 467 3848 interesse
498 3794 607 3863 aliquod
634 3796 742 3863 tempus
773 3797 844 3850 inter
871 3798 1017 3853 Herculem
1043 3798 1236 3867 Bacchumque
1267 3800 1294 3850 et

188 3881 347 3951 Apologiam
372 3882 548 3949 conspicuum
573 3885 627 3949 est,
659 3883 691 3935 ef.
717 3882 797 3937 Here.
822 3901 845 3938 c.
864 3883 894 3938 8:
925 3886 1096 3939 ‘dnondtrov
1120 3888 1241 3955 γένειον
1266 3884 1294 3935 et

188 3968 299 4038 *γέρων
324 3969 433 4036 saepius
457 3969 486 4022 in
511 3969 590 4023 Here.
616 3972 643 4022 et
666 3970 696 4022 'm
718 3969 817 4024 Bacch.
837 4003 870 4011 —
890 3990 952 4026 eum
969 3973 1045 4043 Apol.
1072 3990 1094 4027 e.
1114 3975 1128 4024 1
1148 3973 1176 4024 et
1192 3971 1223 4023 4:
1250 3970 1294 4022 ’ἐν
1404 3958 1407 3964 ’

187 4056 258 4130 γήρᾳ
276 4055 308 4113 ἀλ
328 4058 434 4128 ὑστάτῳ
452 4059 498 4111 καὶ
517 4057 618 4130 σχεδὸν
639 4057 706 4129 ὑπὲρ
724 4058 772 4113 τὸν
789 4059 889 4117 aare:
