2820 4606
563 206 779 262 -21-

207 373 332 437 Vellem
352 375 444 456 plura
473 373 600 437 aliunde
623 380 749 457 sumpta
775 375 871 438 huius
891 378 1093 460 magistratus
1119 378 1225 460 cogni-

117 479 237 540 tionem
249 477 500 561 suppeditarent:
519 497 675 561 perpauca
687 498 761 543 vero
773 479 917 564 indagari
927 487 1069 563 possunt.
1108 479 1225 544 Occur-

54 583 58 591 '
116 587 194 645 runt
214 588 321 646 autam
342 583 378 644 in
399 582 465 645 cod.
481 582 595 645 Theod.
611 582 663 646 lib.
679 582 756 646 ΧΠ.
777 583 855 647 titI
875 585 1005 668 1.192,1
1029 605 1224 669 quaequae

117 687 253 750 stionem
289 687 427 750 affenmt
460 688 612 770 quidnam
649 690 692 751 sit
719 689 815 772 illud,
853 710 916 772 quc
945 689 1078 754 Luciani
1106 711 1225 756 munus

117 790 241 855 differat
270 790 309 854 ab
340 792 713 876 hypomnematographi,
740 794 831 858 haec:
862 794 902 857 ‘si
933 815 1013 878 quos
1036 801 1225 878 spontaneos

117 895 474 980 hypomnematcgraphi
502 896 668 960 munificos
693 899 761 962 suis
793 899 1066 963 exhortationibus
1092 900 1132 963 ad
1165 922 1224 984 pu-

117 1001 216 1065 blicas
244 1003 478 1066 nominaverint
515 1003 708 1086 functiones,
751 1005 938 1088 Augustalis
976 1005 1123 1069 iubemus
1160 1026 1226 1069 non

117 1106 351 1190 expectandum
384 1126 452 1171 esse
491 1108 702 1171 consensum’
762 1107 861 1183 Quem
894 1110 933 1173 ad
963 1110 1068 1173 locum
1109 1112 1226 1193 optime

118 1211 329 1276 Gothofiedus
353 1202 517 1275 annotavit
545 1232 574 1294 p.
593 1214 669 1276 524:
700 1214 883 1290 ‘Quodnam
908 1235 1027 1278 munus
1056 1216 1124 1278 eius
1146 1214 1225 1302 (scil.

118 1315 618 1402 hypomnematcgraphi)fi1erit,
649 1320 763 1401 partim
792 1338 834 1382 ex
856 1320 915 1382 hac
937 1320 1021 1404 lege,
1046 1321 1162 1403 partim
1184 1340 1226 1384 ex
1307 1306 1312 1315 ’

62 1463 65 1469 -
118 1423 256 1486 nominis
286 1420 403 1484 indicio
438 1422 473 1483 in
505 1427 624 1504 partem
660 1442 847 1506 cognoscere
873 1425 961 1487 licet:
1002 1444 1115 1507 nempe
1152 1445 1226 1488 eum

118 1526 409 1589 nominationes
433 1525 477 1588 ad
506 1527 695 1609 liturgias
725 1547 782 1591 seu
803 1548 937 1609 munera
966 1528 1092 1611 publica
1122 1530 1225 1594 civilia

119 1636 149 1695 et
162 1630 294 1694 curialia
307 1629 426 1713 fecisse,
448 1650 581 1695 munera
596 1631 793 1696 distribuisse
809 1638 840 1696 et
855 1635 1096 1698 commentarios
1112 1635 1225 1698 harum

37 1782 42 1789 -
120 1755 223 1800 rerum
242 1734 373 1797 fecisse.’
419 1734 614 1818 Certissima,
637 1736 691 1799 sed
706 1737 832 1800 laudem
848 1738 877 1799 ei
900 1756 987 1800 error
1001 1740 1226 1822 compensavit,

123 1860 205 1924 cum,
228 1844 398 1923 postquam
419 1841 591 1903 nonnullos
612 1841 697 1904 lcccs
719 1842 897 1924 adscripsit,
921 1841 1038 1924 quibus
1060 1842 1226 1925 haudqua-

127 1965 213 2027 quam
236 1944 278 2008 ad
299 1945 700 2030 hypomnematcgraphum
715 1946 971 2010 Alexandrinum
992 1946 1225 2029 pertinentibus

125 2049 253 2115 latinum
276 2049 612 2115 ‘commentariensem'
634 2070 746 2135 graece
770 2049 1134 2138 ‘brccpvqpavcyqdqicv’
1151 2071 1226 2114 con-

125 2174 246 2219 versum
285 2174 353 2219 esse
386 2155 591 2238 domonstrat,
624 2162 781 2239 pergeret:
817 2156 893 2221 ‘Sed
933 2156 1010 2239 quid
1040 2157 1225 2220 moramur?

121 2259 278 2324 Lucianus
300 2261 334 2322 in
355 2260 511 2343 Apologia
532 2261 565 2323 id
586 2281 704 2324 munus
726 2262 874 2345 graphice
899 2260 1067 2324 describit’
1112 2260 1225 2324 Tanto-

119 2384 191 2448 pere
219 2366 318 2448 igitur
345 2364 465 2428 Valesii
493 2367 652 2429 annotatio
683 2365 838 2429 iudicium
868 2365 1051 2428 Gothoiredi
1077 2365 1226 2449 turbavit,

120 2475 155 2534 ut
176 2491 241 2533 non
265 2469 434 2533 contulerit
448 2472 624 2554 pugnantia
645 2490 704 2534 nec
719 2465 946 2554 comparaverit
968 2472 1124 2534 contraria
1142 2473 1226 2534 inter

119 2576 188 2639 illos
209 2576 646 2659 hypomnematographorum
677 2577 917 2640 commentarios
944 2580 976 2638 et
996 2573 1143 2658 Luciam,
1174 2578 1225 2640 cui

120 2681 157 2745 de
179 2680 289 2744 litibus
311 2679 484 2743 iudiciariis
507 2681 651 2763 loquenti
681 2681 912 2744 ‘commentarii
943 2680 1098 2743 factcmm
1130 2680 1226 2743 dicto-
1344 2720 1346 2725 -

120 2805 255 2869 rumque
275 2785 433 2848 omnium’
456 2784 534 2872 (scil.
558 2786 596 2849 de
612 2787 805 2870 litigantium
821 2787 1013 2869 testiumque
1036 2784 1227 2869 actionibus)

120 2892 153 2954 in
168 2892 274 2954 animo
289 2895 386 2954 erant·
432 2890 612 2954 Praeterea
626 2897 733 2954 autom
749 2891 863 2974 officia,
889 2910 970 2973 quae
993 2896 1227 2974 enumerantur,

122 2999 149 3060 ei
169 2997 230 3060 alia
252 2996 350 3060 baisse
372 2997 463 3079 plura
479 2997 651 3078 explenda,
673 3016 765 3061 nemo
780 3002 883 3081 potest
905 2999 1054 3080 cogitare,
1078 3016 1151 3060 cum
1176 2997 1226 3060 vel

121 3103 258 3165 maxime
278 3100 411 3166 Luciani
439 3104 565 3166 intersit
591 3103 771 3185 ostendere,
801 3122 834 3166 se
864 3122 996 3175 revera
1024 3098 1070 3164 ‘dv
1099 3096 1227 3185 μυρίαις

120 3208 190 3282 ταῖς
211 3201 394 3285 ἄσχολίαις’
414 3209 540 3271 versari.

202 3311 339 3376 Prorsus
358 3318 464 3376 autem
485 3331 550 3375 non
565 3312 727 3396 intellego,
752 3313 909 3395 quomodo
931 3314 973 3394 ei,
994 3313 1049 3394 qui
1067 3311 1227 3393 papyros²

121 3437 139 3479 a
160 3416 319 3498 Peyrcnio
341 3417 377 3478 in
399 3417 469 3480 Act.
495 3417 592 3480 Acad.
615 3416 800 3482 Taurinens.
825 3437 874 3480 an.
900 3417 981 3479 1841
1006 3415 1107 3479 editos
1123 3414 1226 3479 'nove-

210 3640 237 3706 1)
255 3639 350 3693 eadem
367 3637 539 3706 reperiuntur
559 3638 588 3690 in
607 3639 663 3693 cod.
681 3638 748 3692 Iust.
768 3638 808 3706 X,
833 3639 874 3691 31.
895 3637 936 3691 59.

208 3726 235 3793 2)
254 3727 288 3780 de
304 3726 399 3794 papyri
411 3725 593 3780 Berclinensis
611 3726 726 3779 frustula
737 3743 753 3779 a
766 3726 891 3780 Partheio
905 3726 935 3777 in
947 3741 1009 3778 nov.
1022 3740 1132 3778 memor.
1147 3725 1225 3778 insti·

122 3816 171 3867 tut.
197 3812 314 3868 archecl.
345 3829 361 3866 a
381 3811 448 3867 1865
475 3830 499 3881 p.
520 3812 572 3866 449
594 3813 700 3882 publici
725 3813 794 3866 imis
819 3814 889 3867 facto
915 3812 1047 3866 disserere
1066 3827 1121 3864 non
1139 3813 1224 3866 audeo

124 3900 212 3956 Verba
229 3902 294 3954 sunt
306 3900 387 3954 haec:

510 3971 697 4040 pavoyooioffl'
709 3970 758 4034 viv
775 3968 909 4038 immiti
924 3969 927 4037 i
941 3969 944 4038 i
959 3969 962 4038 l
976 3968 980 4040 l

399 4057 453 4126 ἔχω
470 4057 533 4139 τάδε
551 4057 613 4110 καθ’
635 4055 665 4110 ἓν
683 4057 772 4111 αὐτῶν
787 4054 896 4142 dncdql
910 4055 913 4124 1
928 4055 982 4127 llll
