2820 4606
512 208 704 326 -rſs-

57 409 194 489 πάσχειν
226 396 493 471 ἀναπείθουσαν]
549 406 638 470 Ηοου
675 408 774 489 igitur
812 405 852 468 ad
887 423 995 468 veram
1034 424 1160 467 causam
1202 416 1203 420 ’

55 515 188 578 Luciani
212 514 369 595 pertinere
392 512 510 594 opinati
533 516 615 575 sunt.
663 510 724 574 Sed
746 511 828 573 hanc
850 528 977 572 causam
999 507 1160 572 Lucienus

56 621 124 703 ipse
145 621 208 681 iam
230 617 426 701 exprompsit
448 615 553 679 verbis
576 635 601 678 c.
628 617 660 678 9:
686 609 733 677 ‘el
804 606 904 677 ἐκεῖνο
924 610 1067 696 λέγοιμι.
1082 610 1160 696 μήτε

507 715 602 803 ἀλλνγς
620 717 707 794 τινὸς
726 713 859 792 ἐλπίδος
877 715 1026 802 τοιαύτης
1049 714 1159 778 δελεα-

58 824 152 902 σθεὶς
172 826 348 912 ὑποστῆναι
371 824 426 910 τὴν
449 832 624 908 παροῦσαν
638 819 824 886 συνουσίαν]
868 823 976 905 Atque
998 823 1026 885 si
1047 822 1101 883 illa
1124 840 1159 884 eo

56 934 149 996 modo
180 933 443 1014 interpretantur,
472 930 600 991 omnino
627 934 820 1012 repugnant,
852 947 932 1011 quac
954 928 1104 1010 leguntur
1125 927 1159 987 in

57 1059 81 1102 c.
107 1040 163 1101 ll:
196 1033 275 1099 ‘odd’
296 1015 389 1120 ’ἡμεῖς
413 1033 494 1097 οὕτω
516 1030 649 1119 πένητες
671 1030 800 1116 εὐλόγου
823 1027 1015 1116 ἀπολογίας,
1039 1030 1082 1106 ὡς
1104 1027 1159 1094 ὕπ’

56 1137 197 1227 ἀπορίας
214 1139 256 1202 od
273 1147 407 1202 τοιαῦτα
426 1137 627 1226 κρησφύγετα
648 1137 731 1223 πρὸς
748 1137 803 1223 τὴν
821 1132 1011 1223 κατηγορίαν
1029 1135 1158 1222 {melch

57 1247 173 1331 quibus
193 1238 367 1325 indicatur,
382 1263 509 1307 causam
530 1243 617 1306 illam
638 1243 719 1305 nihil
741 1243 803 1305 nisi
822 1262 941 1305 vanum
960 1245 1160 1325 praetextum

54 1353 200 1416 futurum
220 1350 327 1415 fuisse.
363 1348 448 1412 Vera
469 1350 552 1411 inest
570 1368 665 1411 causa
687 1349 722 1410 in
743 1347 847 1411 verbis
870 1366 895 1409 c.
917 1349 951 1410 9:
978 1346 1047 1433 ‘rip
1070 1344 1159 1409 οόνε-

57 1477 108 1520 σιν
129 1452 185 1518 καί
207 1448 354 1538 ἀνδρείαν
374 1449 429 1515 καί
451 1449 660 1536 μεγαλόνοιαν
681 1460 740 1514 τοῦ
761 1449 874 1537 ἀνδρὸς
889 1448 1063 1532 θαυμάσας
1082 1448 1159 1514 ἕθε-

55 1561 150 1647 λῆσαι
182 1568 372 1644 κοινωνῆσαι
405 1554 553 1642 πράξεων
584 1568 630 1640 τῷ
659 1555 816 1640 τοιούτῳ]
869 1556 930 1620 Sed
959 1557 1020 1638 fao,
1053 1558 1160 1640 inopia

56 1669 249 1730 commotum
277 1682 396 1726 munus
424 1662 504 1726 illud
526 1658 811 1740 ·‘⁷rotordlovcov',
843 1661 927 1751 quod
949 1661 1095 1732 videlicet
1116 1663 1161 1724 ita

56 1770 252 1851 describitur,
268 1774 305 1832 ut
318 1769 469 1832 esurienti
485 1772 663 1833 extremum
678 1767 836 1851 refugium
846 1766 995 1849 praebere
1006 1766 1160 1846 videatur,

55 1873 232 1938 Lucianum
255 1874 446 1956 suscepisse:
470 1893 550 1937 num
572 1875 681 1938 eadem
704 1893 799 1938 causa
819 1854 860 1934 'ad
881 1873 1039 1936 iterandas
1062 1871 1178 1934 decla·

57 1981 212 2043 mationes
243 2017 283 2025 «-
310 1977 442 2041 fortasse
472 1978 579 2041 decem
608 1981 700 2042 annis
731 1983 824 2042 ante¹
859 2017 897 2024 —
928 1978 1083 2041 adductus
1112 1977 1163 2057 sit,

56 2086 230 2166 nescimus,
253 2103 327 2147 cum
347 2084 386 2146 de
407 2085 466 2147 hac
488 2104 522 2148 re
543 2102 673 2167 prorsus
695 2086 836 2148 tacuerit.

144 2189 263 2252 Mirum
286 2194 392 2269 tamen
414 2195 510 2271 esset,
533 2191 560 2253 si
579 2188 740 2254 Lucienus
762 2209 860 2253 senex
881 2189 984 2252 denuo
1008 2189 1045 2250 ad
1062 2192 1162 2250 artem

33 2295 259 2375 rhetoricam,
282 2295 345 2356 iam
368 2294 491 2376 pridem
513 2299 600 2357 tanto
623 2278 758 2358 clamore
779 2314 844 2357 non
865 2295 933 2357 sine
953 2294 1161 2356 ostentatione

57 2399 246 2479 derelictam,
270 2394 464 2462 accessisset,
502 2398 616 2482 Neque
630 2398 763 2463 dubium
777 2399 842 2462 fere
858 2403 913 2479 est,
938 2399 1016 2481 quin
1030 2399 1162 2482 dialogis

55 2505 234 2587 libellisque
257 2503 401 2585 satyricis
422 2504 591 2568 recitandis
614 2506 743 2568 victum-
756 2505 815 2568 sibi
836 2505 1036 2588 quaesiturus
1056 2503 1161 2585 fuerit,

55 2629 121 2672 non
144 2609 424 2673 declamationibus
448 2610 632 2692 sophisticis.

136 2711 265 2776 ¹Deinde
295 2732 385 2794 vero,
416 2733 609 2796 quamquam
636 2733 678 2777 ex
707 2714 801 2778 Herc.
830 2734 854 2777 c.
880 2715 896 2776 7
926 2719 1010 2777 certo
1033 2715 1160 2778 conclu-

56 2817 153 2897 ditur,
179 2817 356 2880 Lucianum
379 2818 484 2881 denuo
504 2819 539 2880 in
561 2818 724 2901 pubhcum
745 2819 912 2901 prodiisse,
940 2818 1083 2882 nondum
1105 2838 1161 2882 ex-

55 2922 212 3004 ploratum
241 2921 406 3003 habemus,
437 2925 545 2985 utru'm
575 2923 685 3003 semel,
715 2943 756 2986 an
779 2924 918 3006 saepius,
946 2925 1160 3007 peregrinans,

56 3044 96 3086 an
118 3044 184 3087 uno
207 3044 373 3088 remanens
393 3025 460 3088 loco
484 3026 608 3089 dixerit.
648 3027 762 3110 Itaque
785 3028 863 3111 qnid
884 3029 932 3091 rei
952 3030 1006 3110 sit,
1029 3028 1159 3113 diligen-

55 3130 120 3192 tius
143 3130 360 3193 sciscitaturus
383 3151 462 3194 sum.
657 3203 660 3209 ,

141 3234 248 3297 Verba
280 3233 397 3297 ‘adico
419 3244 483 3297 τῶν
504 3230 692 3314 ἐπιδείξεων
714 3232 927 3320 πεπαυμένρν
956 3237 1033 3301 falso
1062 3240 1160 3302 inter·

54 3340 169 3421 pietati
191 3344 266 3402 sunt
288 3340 330 3419 ei,
361 3341 416 3422 qni
438 3340 654 3423 crediderumt,
685 3339 862 3405 Lucianum
890 3341 929 3404 de
956 3361 993 3404 eo
1021 3348 1161 3426 tempore
1243 3323 1246 3327 ⁴

54 3443 155 3526 loqui,
188 3463 251 3526 quo
283 3445 471 3507 rhetoricam
501 3445 778 3529 quadragesimum
804 3446 869 3510 fere
898 3466 1019 3510 annum
1049 3450 1161 3512 aetatis

55 3567 152 3630 agens
181 3548 333 3630 deseruit,
362 3548 454 3630 falso,
484 3549 566 3631 dice,
601 3551 674 3633 quia
704 3551 797 3613 etiam
826 3557 898 3634 post
925 3551 1006 3615 illud
1036 3557 1160 3635 tempus

144 3823 170 3886 1)
199 3820 334 3873 Interesse
365 3820 474 3888 aliquod
501 3823 609 3889 tempus
640 3822 711 3876 inter
738 3823 884 3878 Herculem
910 3824 1102 3894 Bacchumque
1133 3827 1160 3878 ct

55 3907 214 3976 Apologiam
239 3908 415 3975 conspicuum
440 3910 494 3975 est,
526 3909 558 3961 cf.
584 3908 663 3963 Herc.
689 3927 712 3964 c.
731 3909 761 3964 8:
792 3912 963 3965 (ὑποπόλιον
986 3915 1107 3982 γένειονἸ
1133 3913 1160 3964 et

55 3994 166 4063 ‘ysoov'
191 3994 299 4062 saepius
324 3995 353 4047 iu
378 3995 457 4048 Hero.
483 3997 510 4048 et
533 3996 562 4048 in
585 3995 684 4050 Bacch.
704 4029 737 4037 -
756 4016 819 4052 cum
836 3999 912 4069 Apol.
939 4016 961 4053 c.
980 4001 994 4052 l
1014 4001 1042 4053 et
1058 3999 1089 4051 4:
1117 3999 1161 4052 ‘tv

53 4082 125 4155 γήρᾳ
143 4080 175 4138 δὲ
194 4083 301 4153 ὑστάτῳ
319 4085 365 4136 καὶ
384 4083 485 4155 σχεδόν
506 4083 573 4154 ὑπὲρ
591 4084 639 4139 τὸν
656 4085 755 4143 οὐδόν.’
