2820 4606
648 968 679 1036 Ι.

264 1103 315 1185 lle
345 1101 516 1185 secunda
542 1102 859 1204 peregrinatione
886 1101 1061 1183 luciani.

200 1284 367 1378 Lucienus
389 1333 487 1377 senex
509 1315 542 1375 in
565 1314 658 1376 Herc.
682 1334 707 1377 o.
728 1316 761 1376 7:
788 1311 1005 1399 (ἐσκοπούμην
1019 1311 1102 1398 πρὸς
1117 1309 1213 1393 ἐμασ-

111 1420 192 1497 cdr',
223 1421 342 1502 inquit,
375 1411 424 1481 ‘el‘
448 1440 503 1498 μοι
531 1418 634 1493 ’καλῶς
659 1412 723 1496 ἔχει
752 1417 906 1504 τηλικῷδε
937 1411 1001 1479 ὄντι
1026 1413 1081 1479 καὶ
1111 1414 1215 1479 πάλαι

112 1536 175 1586 τῶν
198 1519 386 1600 ἐπιδείξεων
403 1518 600 1605 πεπαυμένῳ
619 1516 718 1598 αὖθις
737 1520 819 1607 ὑπὲρ
842 1519 980 1602 ἐμαυτοῦ
996 1532 1108 1608 ψῆφον
1125 1518 1215 1583 διδό-

111 1644 160 1691 ναι
186 1628 353 1703 σοσοίσοις
375 1626 560 1702 δικασταῖς]

199 1733 277 1796 Cum
312 1731 539 1796 Samosatensis
572 1733 622 1794 his
652 1731 758 1794 verbis
791 1750 824 1794 se
856 1731 960 1795 denuo
994 1733 1217 1814 longinquiore

114 1840 212 1920 spatio
234 1839 415 1900 intermisso
437 1840 472 1899 in
494 1837 656 1920 publicum
681 1836 834 1918 prodiisse
855 1836 1048 1918 profiteatur,
1074 1836 1217 1918 plerique

115 1943 255 2005 homines
278 1942 362 2005 docti
385 1943 659 2023 existimaverunt,
682 1940 721 2002 ah
742 1959 779 2003 eo
798 1941 913 2004 iterum
934 1941 1218 2024 peregrinationem

113 2049 298 2110 rhetoricam
320 2049 432 2110 initam
456 2067 523 2110 esse
546 2047 654 2128 talem,
678 2046 780 2128 qualis
801 2047 950 2109 iuvenem
971 2045 1218 2127 Rhetoricesque

112 2154 260 2215 maritum
291 2152 330 2214 ad
357 2158 404 2215 tot
430 2157 559 2234 tamque
581 2157 717 2215 remotas
739 2156 838 2214 terras
860 2152 1023 2233 impulerit
1044 2150 1219 2214 visendas.¹

200 2257 308 2339 Atque
332 2259 406 2339 quia
429 2258 610 2339 saepissime
632 2257 738 2339 inopia
758 2257 902 2319 homines
930 2258 1014 2340 cogit
1035 2257 1074 2319 ad
1096 2256 1218 2318 labores

113 2362 307 2445 subeundos,
337 2381 410 2425 eum
439 2363 544 2424 neseio
569 2381 632 2444 quo
655 2381 731 2425 casu
752 2361 896 2424 fortunas
918 2367 1024 2444 partas
1046 2360 1219 2444 perdidisse

113 2468 264 2549 suspicati
294 2469 397 2530 sunt²
442 2466 533 2542 Quod
560 2467 671 2551 procul
698 2466 793 2529 dubio
817 2467 1041 2530 concluserunt
1063 2486 1104 2530 ex
1126 2467 1218 2550 Apol.

113 2593 138 2634 c.
157 2574 210 2653 10,
234 2572 289 2634 ubi
313 2592 370 2635 cur
388 2593 507 2635 munus
528 2572 607 2635 illud
622 2572 818 2655 Aegyptium
839 2573 1001 2654 ingressus
1024 2573 1079 2650 sit,
1103 2571 1219 2635 Sabino

114 2678 214 2739 arnico
242 2677 354 2759 lepidis
383 2678 459 2739 iocis
488 2678 627 2759 exponit.
672 2676 778 2738 Verba
800 2677 884 2738 enirn
908 2680 984 2739 sunt
1004 2676 1082 2738 haee
1110 2695 1135 2739 c.
1161 2667 1218 2740 10:

115 2775 189 2861 ‘pic
213 2803 266 2861 μοι
292 2774 371 2857 ἴσως
394 2779 515 2866 ἄγκυρα
537 2776 584 2843 ἔτι
610 2778 760 2863 ἄβροχος·
786 2777 959 2862 ὀδύρεσθαι
984 2779 1023 2843 τὸ
1046 2790 1143 2866 γῆρας
1164 2778 1218 2844 καί

113 2885 169 2971 τὴν
198 2883 292 2946 νόσον
322 2884 376 2948 καὶ
406 2886 487 2966 μετὰ
515 2884 636 2948 τούτων
663 2885 719 2971 τὴν
750 2879 865 2946 πενίαν
893 2881 1001 2946 πάνια
1029 2887 1138 2948 ποιεῖν
1164 2881 1219 2947 καὶ
1334 2947 1335 2950 ,

203 3109 229 3173 1)
251 3109 284 3161 cf.
302 3107 496 3175 Wetzlarium‚
521 3107 549 3160 Ο.
567 3106 595 3160 F.
613 3106 761 3161 Hermanni
780 3107 959 3176 pedisequum
977 3108 1007 3160 in
1026 3108 1090 3162 diss.
1110 3108 1143 3160 de
1161 3107 1220 3160 rita

116 3197 166 3247 etc.
186 3193 308 3248 luciani.
342 3193 470 3262 Marhurg
488 3193 564 3261 1834,
582 3193 749 3263 Planohium‚
767 3193 925 3264 Prellerum,
944 3195 1128 3250 Schwarzium
1144 3193 1220 3248 alios.

117 3280 361 3334 Sommerhrodtius
384 3283 509 3349 husgew.
529 3279 664 3334 Schriften
689 3282 736 3334 des
759 3281 897 3336 Luhianl
919 3300 943 3351 p.
960 3282 1025 3336 XV:
1053 3283 1097 3336 ‘In
1117 3281 1220 3335 seiuem

115 3368 234 3421 h'dheren
253 3368 351 3432 Alter,
370 3368 471 3436 inquit,
491 3367 588 3421 ‘sehon
604 3368 654 3422 wir
667 3368 716 3421 ihn
729 3369 801 3423 noch
813 3369 914 3424 einmal
976 3371 1028 3423 den
1041 3368 1220 3423 Wanderstab

116 3455 260 3523 ergreifen,
280 3456 349 3509 noch
367 3455 467 3508 einmal
485 3455 514 3507 in
532 3455 655 3508 friiherer
666 3456 759 3511 Weise
777 3457 863 3511 durch
882 3457 1067 3512 Declamation
1086 3458 1142 3510 und
1154 3456 1220 3510 Vor-

116 3540 212 3609 losung
231 3542 321 3594 seiher
338 3541 474 3595 Schriften
493 3558 540 3594 um
560 3542 612 3595 den
628 3542 727 3597 Beifall
746 3543 794 3597 des
812 3543 972 3598 Publicums
990 3543 1113 3597 werben’
1139 3542 1220 3597 Simi-

117 3628 179 3681 liter
197 3629 363 3683 Jacohitzius
383 3630 411 3682 in
431 3629 495 3682 edit.
513 3629 556 3682 ΙΠ
574 3647 598 3698 p.
613 3629 665 3682 494
684 3632 711 3684 et
729 3631 866 3685 Croisetus
887 3631 916 3684 in
934 3631 952 3684 l.
969 3631 1047 3687 Essai
1067 3648 1114 3686 sur
1131 3631 1158 3685 la
1176 3631 1221 3685 vie

117 3718 144 3768 et
161 3717 201 3770 les
222 3734 328 3770 oeuvres
347 3719 380 3770 de
400 3717 510 3774 Lucien.
548 3716 626 3772 Paris
646 3717 714 3771 1882
735 3736 759 3787 p.
774 3718 817 3773 38.
831 3717 873 3772 83.

205 3803 231 3871 2)
256 3806 288 3857 cf.
307 3805 436 3859 Wetzlar.
460 3805 476 3858 l.
497 3823 519 3858 c.
543 3823 568 3873 p.
586 3805 631 3858 54:
660 3805 725 3859 ‘Sed
750 3823 812 3859 oum
834 3807 889 3861 iam
911 3809 1076 3876 senesceret,
1100 3809 1221 3862 fortunae

116 3890 193 3943 vices
213 3894 340 3959 expertus
359 3894 411 3960 est,
430 3908 492 3946 narn
512 3910 555 3948 ros
573 3893 632 3946 eius
650 3892 792 3948 familiaris
807 3895 908 3948 sensim
921 3895 1075 3965 sensimque
1089 3895 1222 3949 diminuta

117 3994 176 4030 esse
196 3978 321 4030 videtur!

1008 4078 1046 4169 ἱ1
