2820 4606
700 219 916 276 „18-

258 396 311 454 tur
330 408 402 452 cum
417 387 550 451 Luciani
571 386 680 450 officiis
696 388 812 470 optime
827 391 1020 470 congruunt:
1041 375 1312 471 ὑντεμνηματίζετο
1328 422 1361 438 =

253 474 469 577 ’ὑπομνήματα
484 488 687 577 γράφεσθαι,
711 489 769 566 τὰς
789 485 879 566 δίκας
901 485 1038 575 εἰσάγων
1052 522 1086 542 =
1100 489 1158 566 τάς
1181 486 1272 567 δίκας
1292 487 1361 555 εἶσ-

258 595 359 682 άγειν,
394 602 489 678 atque
517 598 612 659 etiam
634 614 715 679 quae
738 600 831 660 sunt:
863 593 1031 681 παρεστὼς
1059 597 1128 670 τοῖς
1149 593 1299 682 ἡγεμόσιν
1322 598 1362 660 ad

258 703 484 767 Samosatensis
512 721 647 784 munus,
686 700 770 784 quod
799 720 825 765 c.
853 703 881 764 9.
916 695 1066 765 συνουσία
1100 706 1260 785 υσεεαιτ,1
1280 702 1362 766 bene

258 807 421 890 quadrant.
472 806 644 869 Postremis
673 824 748 869 vero
779 804 884 869 verbis
914 803 957 880 ὡς
986 798 1064 884 ἐγων
1091 802 1181 884 τάξιν
1209 808 1362 870 mendum

256 914 339 975 inest
360 911 495 994 aliquod.
540 910 746 993 Fritzsohius,
769 910 825 994 qui
839 910 1011 973 nonnullos
1025 910 1112 973 codd.
1129 910 1271 995 Mangei,
1289 918 1362 996 post

256 1038 285 1078 v.
307 1014 420 1094 ‘arigio’
446 1014 640 1079 inculcantes
664 1012 823 1078 ‘acidula'
852 1015 1012 1098 sequitur,
1042 1015 1198 1098 explicat:
1227 1016 1360 1102 ‘quippe

257 1122 312 1203 qui
335 1121 397 1183 tale
419 1140 538 1183 munus
561 1118 675 1202 obiret,
696 1121 714 1184 i
732 1138 757 1183 e.
782 1120 898 1203 quippe
922 1120 1079 1202 quiesset
1101 1115 1360 1202 hypomnematc-

205 1271 209 1278 .
255 1224 414 1310 graphus.'
459 1225 521 1289 Sed
542 1225 601 1287 hoc
624 1244 826 1308 nequaquam
840 1224 926 1287 idem
941 1230 1003 1308 est,
1026 1244 1100 1287 nam
1115 1225 1171 1308 qui
1185 1225 1360 1308 hypomne-

255 1336 340 1394 mata
349 1330 473 1413 scripsit
483 1329 654 1412 iudiciaria,
671 1329 1206 1412 nondumhypomnematographus
1217 1329 1359 1394 Alexan-

256 1435 367 1498 d1inus
387 1433 549 1519 putandus
571 1440 627 1498 est.
673 1433 807 1516 Propter
828 1435 909 1497 hanc
937 1435 1038 1517 ipsam
1059 1438 1165 1498 autem
1188 1434 1359 1498 verborum

254 1540 399 1604 Philonis
429 1545 461 1603 et
488 1538 621 1604 Luciani
649 1538 886 1602 similitudinem
911 1537 1076 1602 Fritzschii
1103 1538 1196 1602 lectio
1220 1537 1262 1615 ὡς
1281 1532 1361 1618 ἔχων

253 1642 344 1723 τάξιν
364 1641 492 1709 τοιάνδε
514 1644 592 1706 mihi
616 1643 744 1727 quidem
766 1631 896 1707 minime
926 1644 1035 1727 placet.
1081 1643 1163 1707 Nam
1193 1664 1267 1708 cum
1299 1646 1358 1709 alia

255 1750 360 1812 omnia
382 1751 473 1832 quasi
496 1749 637 1813 dimensa
660 1753 692 1812 et
713 1750 801 1831 paria
821 1754 1012 1832 congruant,
1033 1749 1084 1812 his
1106 1768 1233 1833 quoque
1253 1750 1358 1814 verbis

255 1853 298 1929 ὡς
319 1847 397 1933 iguo
409 1851 499 1932 τάξιν
513 1853 724 1937 respondeant
743 1858 865 1936 oportet
886 1854 998 1917 similia
1013 1854 1167 1936 quaedam
1191 1873 1232 1917 ex
1247 1853 1360 1918 Lucia-

254 1961 330 2023 neis.
377 1957 539 2036 Quaenam
560 1960 637 2023 haec
658 1961 736 2039 sint,
760 1977 800 2022 ex
823 1977 913 2042 voce,
937 1979 965 2041 q.
982 1978 1007 2022 e.
1030 1956 1120 2036 τάξις
1142 1959 1357 2043 cognoscitur:

254 2082 358 2146 neque
373 2065 484 2146 'igitur
513 2063 638 2146 dubito,
669 2065 748 2147 quin
777 2083 814 2127 ea
844 2065 907 2127 sint
936 2065 980 2126 ita
1013 2063 1222 2146 emendanda,
1251 2069 1288 2127 ut
1318 2064 1358 2127 ad

254 2167 448 2232 Lucianeum
469 2168 564 2231 illud:
591 2164 660 2230 ‘uui
681 2165 772 2246 τάξιν
794 2164 904 2243 αὐταῖς
925 2168 981 2255 τὴν
1003 2166 1227 2254 προσήκουσαν
1248 2165 1354 2231 ε’ντιτι-

254 2269 364 2335 atvar
387 2292 482 2355 quam
503 2274 648 2355 proxime
671 2272 828 2337 accedant.
872 2273 986 2355 Itaque
1007 2274 1115 2336 malim
1134 2272 1260 2357 Mangei
1280 2289 1353 2334 con-

253 2380 406 2442 iecturam
428 2377 575 2461 probare:
609 2376 666 2453 ‘og
688 2371 789 2457 ἐγοιεν
810 2375 919 2465 τάξιν.’

342 2480 429 2558 Quae
452 2501 525 2545 cum
538 2483 590 2545 ila
613 2484 691 2566 sint,
713 2482 793 2545 nihil
814 2487 877 2566 est,
897 2501 955 2545 cur
968 2481 1109 2565 Lampon
1131 2483 1355 2566 hypomnema

253 2589 425 2672 tographus
446 2587 675 2666 existimandus
698 2589 746 2651 sit.
791 2587 892 2651 Immo
914 2606 956 2650 ex
979 2606 1015 2651 eo
1039 2588 1124 2670 quod
1137 2588 1271 2653 Philone
1291 2608 1357 2651 non

253 2695 297 2756 ita
325 2693 495 2758 honorifice
517 2699 671 2757 uocatur
698 2692 840 2777 intellegi
866 2694 929 2756 iam
953 2692 1057 2777 debet,
1085 2713 1157 2758 eum
1186 2695 1220 2757 in
1248 2713 1369 2759 eorum.

253 2817 386 2861 numero
414 2798 592 2882 putandum
620 2817 700 2881 esse,
731 2817 811 2880 quos
835 2800 957 2861 romani
985 2800 1186 2883 magistratus
1212 2798 1359 2883 sibiipsi

254 2903 456 2966 assumebant
476 2902 622 2967 officiales
646 2909 677 2967 et
701 2904 838 2968 comites.
878 2904 991 2986 Itaque
1013 2924 1206 2987 quamquam
1226 2904 1358 2969 fortasse

253 3006 433 3090 Aegyptius
452 3013 526 3090 erat,
547 3007 679 3090 ignobili
697 3007 766 3070 loco
786 3012 889 3090 natus,
909 3007 1105 3092 apraefecto,
1128 3009 1244 3092 quippe
1262 3029 1359 3093 quem

254 3108 417 3196 δυνάστην,
441 3107 615 3198 εὐεργέτην,
645 3121 771 3198 σωτῆρα
793 3112 979 3196 appellasset
1000 3112 1043 3197 (p.
1063 3112 1152 3198 983),
1179 3113 1219 3176 ad
1238 3134 1359 3179 munus

253 3217 333 3280 illud
356 3222 582 3300 quaestuosum
605 3218 706 3282 elatus
730 3237 797 3282 esse
820 3218 955 3282 videtur.
1002 3215 1071 3293 Quo
1094 3218 1213 3282 factum
1237 3225 1297 3304 est,
1322 3226 1360 3284 ut

253 3340 358 3405 neque
375 3322 459 3404 apud
475 3321 641 3405 Philonem
660 3341 764 3406 neque
775 3323 870 3406 apud
885 3322 1061 3386 Lucianum
1079 3327 1200 3386 certum
1216 3325 1358 3388 muneris

252 3445 368 3491 nomen
390 3426 521 3489 allatum
537 3428 586 3509 sit,
609 3427 704 3510 quod,
727 3429 754 3491 si
768 3428 807 3491 de
821 3428 1184 3511 hypomnematographo
1202 3433 1357 3512 agerettrn

252 3532 370 3594 mirum
385 3536 475 3595 esset.
501 3531 597 3594 Tituli
613 3533 805 3615 animatque
819 3531 920 3595 officia
933 3551 1128 3594 assessorum
1141 3530 1358 3616 comitumque

252 3634 385 3698 Luciani
395 3635 588 3718 temporibus
603 3636 746 3700 nondum
756 3637 826 3722 lege
839 3638 914 3700 satis
930 3637 1085 3700 destinata
1096 3640 1210 3700 erant¹
1243 3637 1358 3721 Neque

252 3759 327 3803 vero
348 3740 539 3823 impedimur
553 3740 716 3806 Strabonis
730 3742 849 3806 verbis:
874 3735 1054 3821 (οἰκονόμοι
1069 3738 1125 3804 καὶ
1140 3738 1358 3827 ἀπελεύθεροι

340 3978 366 4044 1)
386 3978 419 4031 cf.
440 3977 749 4049 Bethmann·Hollweg,
767 3978 946 4046 Civilprocess
960 3977 998 4046 H,
1016 3996 1040 4046 p.
1056 3978 1113 4031 137.
1151 3978 1270 4047 Madvig,
1288 3978 1355 4031 Ver·

252 4064 364 4133 lassung
381 4067 430 4117 etc.
451 4065 498 4117 des
517 4069 583 4119 rbm.
601 4065 704 4120 Roichs
720 4064 762 4133 ΙΙ,
781 4083 806 4134 p.
821 4065 879 4120 110.
