2820 4606
585 193 804 251 ...15-

227 365 277 428 Ao
294 368 432 448 primum
452 362 579 445 quidem
594 364 818 445 unusquisque
832 363 965 442 videbit,
985 382 1132 426 romanos
1148 367 1247 447 magi-

140 473 260 532 stratus
293 470 344 531 hio
378 469 612 531 accuratissime
646 467 888 548 distInguendos
918 486 986 531 esse
1020 468 1058 530 ab
1092 469 1248 551 aegyptiis

139 578 236 656 atque
259 572 497 653 discernendos,
525 590 630 654 neque
653 591 728 634 vero
751 573 810 652 ita,
838 576 874 635 ut
896 572 966 635 illos
989 572 1178 636 aRomanis
1200 575 1248 635 in-

140 679 282 759 stitutos,
316 678 374 740 hos
405 680 548 759 aoeeptos
577 695 646 738 esse
676 695 692 738 e
722 695 835 759 regum
865 677 1059 759 temporibus
1089 678 1248 761 putemus,

141 783 197 846 sed
221 788 258 846 ut
280 784 402 846 romani
421 783 624 865 magistratus
647 802 665 843 a
682 780 846 863 Romanis,
870 785 1010 867 aegyptii
1025 783 1063 845 ab
1080 785 1248 867 Aegyptiis

140 888 194 950 vel
215 889 321 971 potius
343 908 362 949 a
384 887 507 950 uiribus
530 886 756 950 Alexandrinis
783 889 864 970 gesti
887 889 957 951 sint.
1005 887 1096 963 Quod
1120 888 1248 950 demon-

143 996 261 1055 stratur
278 1011 320 1054 ex
339 1011 384 1069 eo,
409 991 495 1074 quod
509 985 678 1074 ἰδιόλογος,
703 1011 896 1074 quamquam
909 992 1098 1055 Ptolemaeis
1113 1011 1248 1076 regnan-

142 1095 227 1159 tibus
248 1097 311 1158 iam
334 1095 520 1176 existebat‚¹
545 1101 651 1158 tamen
673 1097 757 1159 inter
776 1116 923 1159 romanos
944 1099 1141 1180 nominatur,
1170 1117 1248 1180 quo-

142 1202 228 1263 niam
250 1220 268 1262 a
288 1199 440 1263 Romanis
463 1199 750 1265 administrabatur.

228 1304 352 1367 Deinde
374 1305 458 1368 iusto
477 1305 586 1368 ordine
602 1304 790 1368 Strabonem
807 1326 863 1389 pro
880 1307 1033 1390 dignitate
1049 1308 1248 1390 singulorum

141 1411 344 1493 magistratus
368 1428 553 1473 enumerare
575 1414 710 1493 apparet.
748 1410 830 1473 Nam
846 1416 877 1474 et
893 1407 1039 1497 ἐξηγητὴν
1057 1414 1120 1474 iam
1136 1417 1248 1476 ornatu

141 1521 239 1598 atque
261 1516 380 1578 honore
402 1521 526 1599 praeter
548 1515 809 1599 00101001101010,
833 1521 864 1579 et
883 1514 1059 1596 νυκτερινὸν
1075 1516 1249 1602 στρατηγὸν

140 1620 228 1682 haud
258 1621 417 1703 superiore
449 1621 517 1683 1000
542 1620 640 1684 fuisse
663 1641 758 1702 quam
780 1618 1005 1706 ἀρχιδικαστὴν
1027 1641 1051 1684 0.
1074 1623 1249 1704 prinoipem

140 1725 250 1788 iudicii
271 1729 519 1788 consentaneum
542 1730 605 1788 est:
636 1727 744 1808 itaque
767 1726 806 1788 de
828 1727 1194 1810 hypomnematographo
1218 1730 1249 1788 et

139 1831 280 1912 principe
302 1830 410 1893 iudioii
432 1830 540 1892 eodem
561 1830 655 1893 modo
670 1831 873 1914 cogitandum
889 1850 957 1894 esse
971 1831 1149 1895 Lumbroso
1164 1836 1249 1894 reete

143 1934 363 1998 confirmavit?
407 1934 508 1998 Valde
535 1940 641 1998 autem
670 1937 781 2017 miror,
811 1936 896 2018 quod
924 1935 1123 2018 Rudorffius,
1154 1956 1248 2020 quem

143 2038 258 2101 eisdem
278 2038 344 2102 fere
366 2038 471 2102 verbis
494 2039 732 2123 Marquardtius
752 2042 909 2123 sequitur,
940 2043 1064 2104 etiamsi
1086 2043 1207 2104 iustum
1230 2061 1249 2102 a

142 2142 294 2207 Strabone
329 2144 471 2207 ordinem
506 2147 752 2228 magistratuum
786 2147 996 2209 constitutum
1030 2165 1098 2210 esse
1133 2146 1249 2209 diserte

139 2247 289 2329 affirmat,
324 2253 430 2312 tamen
460 2250 529 2332 ipse
563 2250 672 2313 ordine
705 2255 897 2313 commutato
931 2251 1042 2314 iudioii
1074 2251 1249 2334 prinoipem

139 2358 212 2417 ante
249 2355 650 2438 hypomnematographum
689 2355 827 2419 oollooat.
890 2354 981 2431 Quod
1019 2356 1080 2417 nisi
1116 2355 1249 2436 fecisset,

139 2463 224 2522 oerte
246 2479 356 2522 omnes
378 2460 583 2523 offendissent
603 2463 638 2522 in
660 2462 699 2523 iis
719 2479 800 2543 quae
822 2461 861 2524 de
883 2461 1248 2544 hypomnematographo

139 2564 243 2627 addit:
268 2564 339 2626 ‘der
359 2562 700 2651 dnopvqpaaoyodqog‚
720 2565 776 2628 der
792 2565 927 2628 Gehiilfe
943 2565 998 2627 des
1013 2562 1247 2650 ἀρχιδικαστής,

141 2669 454 2733 Geriohtssohreiber.
499 2670 708 2735 Ausiiihrlieh
736 2668 915 2733 besehreibt
938 2669 1004 2732 dies
1027 2670 1105 2731 Amt
1126 2668 1249 2731 Luoian

138 2774 231 2857 Apol.
255 2795 299 2857 pr.
323 2793 416 2838 111010.
440 2775 649 2839 001111011.
673 2775 758 2837 12.’3

227 2879 340 2963 Neque
377 2881 461 2942 enim
498 2882 667 2962 quisquam
702 2875 1037 2964 ὑπομνηματογράφον
1072 2878 1248 2942 adiutorem

141 2981 369 3068 ἀρχιδικαστοῦ
387 2985 485 3049 fuisse
503 2990 597 3068 atque
612 2986 827 3069 graphiarium
843 2983 1006 3066 concedet,
1030 2985 1057 3047 si
1075 2983 1248 3065 Strabonis,

142 3090 197 3178 qui
218 3109 292 3152 eum
315 3091 454 3154 seeundo
477 3091 544 3153 1000
566 3092 724 3171 nominat,
746 3090 888 3152 ordinem
907 3091 1149 3153 conservaverit.
1187 3089 1249 3153 Sed

141 3194 263 3257 etiamsi
292 3195 434 3258 ordinem
457 3197 702 3279 magistratuum
724 3215 837 3278 parum
860 3194 1028 3278 diligenter
1054 3214 1073 3256 a
1095 3192 1248 3257 Strabone
1317 3250 1323 3263 ,

141 3301 350 3362 constitutum
382 3318 450 3363 esso
480 3300 658 3382 credamus,
690 3300 849 3382 quomodo
878 3299 948 3363 fieri
976 3300 1092 3383 potuit,
1121 3301 1159 3360 ut
1186 3297 1248 3360 tale

142 3405 235 3486 quale
263 3403 448 3468 Rudorffius
478 3405 837 3488 hypomnematographi
868 3405 966 3468 fuisse
1000 3404 1101 3467 voluit
1129 3422 1249 3464 munus

186 3641 187 3644 =
229 3613 255 3677 1)
275 3613 308 3665 of.
326 3611 496 3679 Marquardt‚
516 3609 777 3680 Staatsverwaltimg
795 3611 816 3664 l.
836 3611 906 3664 Aufl.
925 3609 954 3663 H
972 3626 999 3678 p.
1014 3607 1074 3662 299.

230 3698 256 3766 2)
275 3699 383 3752 Rivista
401 3698 429 3751 di
447 3697 511 3751 filol.
530 3697 548 3751 1,
568 3714 590 3751 o.

229 3787 255 3845 3)
274 3787 303 3838 in
321 3785 391 3840 Mus.
404 3786 490 3852 1111011,
508 3785 537 3838 Π
555 3802 581 3853 p.
595 3785 629 3838 82
647 3801 689 3838 an.
704 3785 729 3852 9,
749 3785 782 3837 of.
801 3781 970 3852 nequiret,
990 3781 1248 3851 Staatsverwaltung

140 3874 162 3928 I.
176 3875 246 3927 Aufl.
266 3874 280 3928 Ι
302 3892 328 3942 p.
346 3873 406 3926 297.
442 3873 475 3926 In
493 3874 578 3927 altera
596 3873 713 3926 editione
731 3871 822 3939 (1881)
841 3870 1044 3939 Marquardtius
1062 3871 1130 3925 haee
1148 3871 1248 3937 omisit,

140 3961 232 4015 attulit
253 3963 345 4015 tamen
367 3961 481 4014 Luciani
506 3960 596 4014 losum
619 3959 696 4027 Apol.
718 3959 759 4013 12.
795 3957 977 4012 Ilritzsohium
1002 3974 1036 4011 ne
1062 3958 1114 4013 hoo
1138 3959 1249 4027 quidem

139 4047 198 4103 loeo
216 4047 374 4103 nominavit.
958 4040 965 4051 '
