2820 4606
596 181 814 261 ..55ss

148 390 240 433 nemo
275 373 367 452 sciat,
400 391 480 434 num
514 372 619 433 omnia
652 390 670 432 a
699 368 839 432 Luciano
872 371 1051 452 conscripta
1084 390 1186 454 usque
1217 372 1256 434 ad

149 493 207 537 nos
232 476 448 557 pervenerint,
477 474 656 538 Sostratum
684 492 784 554 aeque
813 492 848 536 ao
876 475 1040 556 complura
1068 476 1129 537 alia
1154 477 1257 558 perire

148 581 298 662 potuisse.

236 686 389 747 Attamen
411 682 582 746 Schwarzii
599 688 630 746 et
644 682 813 762 Bernaysii
836 682 1054 745 deliberationi
1075 684 1148 766 plus
1172 705 1257 750 acce-

149 786 202 850 det
223 789 389 869 momenti,
419 788 445 850 si
468 787 719 868 consideramus,
747 786 880 849 Luciani
906 788 1168 852 consuetudinem
1191 809 1257 852 om-

148 893 224 959 nino
245 910 310 954 non
334 910 417 968 esse,
444 895 479 954 ut
501 893 536 952 in
556 911 622 954 uno
642 889 749 953 libello
771 889 896 952 disertis
911 889 1017 954 verbis
1036 890 1075 954 de
1090 892 1151 954 alio
1167 893 1256 958 dicat.

149 997 291 1081 Excepta
316 998 416 1079 igitur
445 997 589 1079 apologia
619 1015 644 1058 o.
669 998 701 1076 3‚
734 994 790 1057 ubi
817 994 918 1057 facere
940 999 1145 1077 non'potuit,
1178 1001 1258 1081 quin

149 1103 223 1164 olim
248 1101 390 1164 libellum
413 1100 452 1164 de
474 1100 617 1164 mercede
640 1099 804 1162 conductis
827 1119 845 1161 a
866 1117 900 1162 se
923 1100 1075 1182 scriptum
1095 1120 1163 1165 esse
1183 1122 1258 1167 con-

148 1205 301 1287 firmaret,
323 1225 491 1287 nunquam
514 1209 621 1288 aperte
644 1204 704 1267 hoc
725 1204 806 1266 fecit.

235 1309 359 1373 Deinde
381 1311 434 1372 hic
455 1309 581 1373 libellus
604 1309 642 1372 de
665 1309 858 1372 Demonacte
881 1310 975 1372 etiam
998 1311 1083 1374 atiud
1107 1314 1257 1395 quiddam

85 1462 88 1467 .
149 1414 256 1496 habet,
279 1415 365 1498 quod
380 1436 398 1477 a
413 1413 572 1477 Lucianea
587 1413 818 1477 consuetudine
834 1412 1007 1477 abhorreat.
1043 1414 1127 1479 Nam
1142 1420 1258 1502 scripta

150 1517 390 1606 Samosatensis'
417 1520 522 1581 omnia
557 1519 593 1580 in
624 1519 686 1580 tria
717 1536 834 1601 genera
866 1516 965 1581 dividi
998 1526 1145 1603 possunt,
1182 1529 1259 1587 sunt

149 1625 232 1685 enim
260 1629 317 1686 aut
343 1618 453 1686 λαλιοί
481 1628 536 1686 aut
564 1619 709 1706 διάλογοι
736 1628 791 1685 aut
817 1618 998 1685 ἐπιστολαί.
1043 1624 1258 1691 Inveniuntur
1353 1635 1356 1640 '

150 1732 254 1790 tamen
277 1747 392 1791 novem
416 1728 449 1790 hi
470 1727 585 1808 libelli,
610 1729 665 1809 qui
689 1732 780 1790 extra
802 1727 884 1789 hanc
906 1726 1094 1792 divisionem
1118 1733 1256 1813 ponendi

149 1837 238 1894 sunt:
402 1818 406 1824 ⁴

215 1938 244 1999 1.
275 1933 433 2020 περὶτοῦ
454 1935 498 2021 μὴ
521 1930 639 2021 ῥᾳδίως
661 1933 826 1998 πιστεύειν
849 1933 992 2022 διαβολῇ.

215 2043 243 2102 2.
277 2037 354 2124 περὶ
374 2051 430 2125 τῆς
449 2033 562 2125 Συρίης
584 2042 674 2101 θεοῦ.

215 2148 244 2207 3.
276 2139 509 2230 Δημοσθένους
531 2139 694 2226 ἐγκώμιον.

213 2253 244 2312 4.
275 2246 353 2333 περὶ
375 2251 509 2311 θυσιῶν.

215 2357 244 2416 5.
275 2351 353 2439 περὶ
376 2347 592 2438 ἀστρολογίης.

214 2462 244 2522 6.
275 2455 352 2543 περὶ
374 2454 527 2533 πένθους.

216 2566 244 2625 7.
275 2561 422 2637 Aeduos
444 2560 464 2648 ἢ
485 2555 566 2636 ὄνος.

215 2671 244 2732 8.
274 2660 420 2753 Ἀληθὴς.
438 2660 574 2749 ἱστορία.

215 2776 244 2837 9.
275 2769 491 2857 Δημώνοιιιος
512 2764 593 2851 βίος.

236 2877 361 2960 Septem
390 2880 496 2938 autem
522 2877 643 2957 priores
667 2876 789 2939 libellos
810 2878 894 2940 inter
916 2896 1024 2941 omnes
1047 2878 1112 2942 fere
1134 2887 1257 2946 constat
1363 2949 1366 2954 ,

148 2983 272 3064 spurios
296 3000 378 3062 esse,
409 2984 556 3042 octavum
586 2999 676 3062 vem,
702 2980 814 3044 diebus
835 2981 923 3044 festis
950 2983 985 3045 in
1007 2989 1168 3048 conventu
1190 2992 1257 3050 stu-

149 3087 310 3149 diosorum
344 3086 524 3166 recitatum,
560 3085 791 3168 segregandum
828 3104 896 3149 esse
933 3092 1062 3169 propter
1093 3092 1257 3173 proprium

149 3190 307 3273 quoddam
326 3189 428 3252 fatum
447 3209 466 3251 a
481 3193 657 3252 ceterorum
672 3208 767 3273 grege
783 3210 879 3273 supra
894 3191 1009 3254 alicubi
1023 3192 1254 3258 demonstrari:

147 3300 246 3359 restat
266 3296 365 3377 igitur
387 3295 475 3357 solus
489 3292 665 3357 Demonax.
703 3295 755 3357 Ad
778 3295 976 3381 recitandum
999 3301 1104 3360 autern
1126 3299 1256 3362 minime

146 3403 281 3464 idoneus
308 3399 370 3462 fuit
398 3400 449 3461 hio
478 3397 604 3462 libellus
632 3405 760 3482 propter
791 3400 1033 3484 discrepantiam
1062 3404 1201 3484 partium
1225 3409 1257 3466 et

148 3506 448 3590 apophthegmaturn
470 3503 716 3568 multitudinem.

235 3609 298 3673 Sed
327 3627 368 3671 nc
399 3609 472 3690 quis
502 3606 621 3690 credat,
652 3627 703 3672 me
729 3609 781 3672 his
806 3609 912 3672 verbis
934 3611 997 3672 iarn
1021 3615 1130 3674 contra
1152 3617 1257 3676 totum

146 3715 289 3778 libellum
318 3731 477 3795 pugnare:
513 3714 709 3794 prooemium
742 3718 867 3776 tantum
901 3713 979 3776 mihi
1009 3714 1166 3799 displicet,
1201 3719 1256 3781 sed

147 3839 211 3882 non
236 3819 337 3881 solum
360 3817 444 3899 quod
467 3817 556 3898 haec,
581 3837 644 3899 qua
662 3819 771 3901 utitur,
793 3820 945 3882 inusitata
963 3823 1011 3882 est
1028 3819 1129 3882 forma
1148 3821 1256 3904 libelli,
1278 3815 1283 3822 ’

147 3926 202 3986 sed
232 3924 326 3986 etiam
351 3923 426 4003 quia
447 3922 585 4004 primunr
610 3924 811 3985 enuntiatum
834 3928 897 3985 tarn
924 3923 1114 4005 generaliter
1136 3926 1256 3990 dictum

147 4034 202 4093 est.
247 4026 408 4091 Lucianus
437 4029 548 4089 contra
577 4047 596 4090 a
626 4032 710 4092 certo
740 4027 877 4112 quodam
905 4026 988 4091 facto
1018 4028 1070 4093 vel
1091 4049 1110 4093 a
1131 4031 1257 4117 propria
