2820 4606
612 184 840 245 .-14-

269 353 346 415 Post
373 371 446 415 eum
469 369 578 413 omnes
600 370 651 410 vr.
676 350 741 412 dd.¹
769 349 947 413 Luoianum
968 350 1288 432 hypomnematogra·

181 457 281 539 phum
301 456 398 520 fnisse
420 475 607 538 persuasum
625 453 815 517 habuerunt.
850 456 957 537 Atque
973 456 1068 516 etiam
1083 454 1289 535 Fritzsohius,

181 563 232 624 vir
254 563 413 645 egregius
437 560 555 623 dehac
578 578 612 622 re
635 559 857 642 exquisiteita
873 559 1033 640 disseruit,
1056 564 1094 622 ut
1114 559 1153 622 ad
1168 559 1290 622 Valesii

183 668 361 749 opinionem
384 685 513 748 prorsus
536 663 724 728 accederet.2

269 773 419 834 Attamen
470 768 617 832 omnibus
664 787 744 849 quae
794 769 900 831 attulit
947 769 1113 832 restitutor
1156 767 1290 831 Luciani

182 876 376 958 argumentis
406 879 531 937 tantum
561 871 649 935 abest
679 877 715 935 nt
745 873 883 954 credam,
913 877 950 935 ut
976 877 1086 935 contra
1110 873 1291 955 putaverim

182 980 285 1043 denno
315 998 363 1061 ea,
398 997 480 1062 quae
508 979 677 1060 scriptores
706 980 828 1040 veteres
856 977 1001 1060 tradunt,
1032 976 1200 1060 diligenter
1222 995 1291 1040 esse

181 1084 386 1149 retractanda.

269 1188 481 1265 Quamobrem
510 1194 548 1252 ut
578 1193 662 1251 recte
691 1187 861 1252 informare
887 1189 1046 1270 possimus
1068 1188 1290 1271 magistratum

182 1297 221 1358 de
250 1315 313 1378 quo
340 1296 458 1378 agitur,
485 1293 648 1357 Strabonis
676 1294 766 1357 locus
790 1313 852 1376 qno
875 1293 1042 1376 praecipue
1066 1292 1104 1356 de
1126 1293 1291 1376 magistra·

181 1399 266 1463 tibus
289 1400 457 1483 Aegyptiis
480 1400 558 1483 agit,
581 1402 654 1461 ante
676 1400 782 1461 omnia
805 1398 1036 1461 examinandus
1058 1402 1115 1460 est.

269 1503 382 1568 Strabo
402 1505 502 1588 igitur
523 1504 543 1568 l.
563 1502 663 1567 XVII
685 1524 714 1586 p.
737 1504 798 1566 797
822 1504 924 1585 priore
948 1502 1077 1586 quidem
1098 1502 1167 1564 loco
1189 1520 1291 1563 roma·

182 1628 241 1671 nos
272 1613 496 1672 commemorat
526 1609 747 1692 magistratus:
784 1600 959 1691 ‘remago’
993 1609 1145 1690 primum,
1177 1605 1291 1669 deinde

184 1711 410 1799 ίἀιιιαιοάότην,
434 1712 489 1776 τὸν
508 1723 571 1775 τῶν
586 1713 715 1776 πολλῶν
730 1708 864 1796 κρίσεων
878 1712 1013 1796 κόριον’,
1036 1713 1165 1776 tertium
1189 1705 1290 1774 ‘toro-

182 1817 289 1901 λογον,
329 1814 496 1902 ἐξεταστὴν
532 1827 595 1880 τῶν
632 1812 678 1894 εἰς
711 1810 865 1902 Καίσαρα
901 1818 1039 1881 πίπτειν
1076 1812 1291 1904 ὀφειλόντων]

185 1921 327 1997 Quorum
349 1923 527 1986 administri
548 1925 769 1986 nominantur:
795 1920 1027 2006 ίἀπελεύθεροι
1046 1916 1215 2004 Καίσαρος
1236 1917 1292 1983 καὶ

184 2021 373 2108 οἱνονόμοι.’
427 2028 508 2091 Tum
538 2027 663 2111 Straba,
695 2033 865 2111 postquam
893 2048 994 2111 pauca
1023 2027 1062 2090 de
1091 2045 1225 2090 numero
1256 2045 1292 2089 ac

184 2132 404 2197 distributione
441 2133 578 2197 miiitum
616 2153 673 2216 per
707 2135 902 2216 provinciam
940 2133 1161 2196 collocatorum
1200 2131 1291 2213 dixit,

183 2240 301 2323 pergit:
332 2243 420 2300 ‘cdiv
448 2237 480 2301 d'
503 2234 724 2323 ἐπιχωρίων
746 2236 939 2322 ἀρχόντων
960 2236 1060 2301 κατὰ
1082 2233 1202 2299 πόλιν
1223 2232 1292 2317 μὲν

184 2341 204 2406 ὅ
224 2364 258 2405 τε
282 2339 428 2429 ἐξηγητής
450 2340 520 2406 ἐστι
542 2342 711 2429 πορφύραν
733 2341 953 2425 ἀμπεχόμενος
971 2339 1027 2406 καὶ
1042 2336 1119 2421 ἔχων
1134 2335 1292 2425 πατρίους

183 2446 279 2528 τιμάς
300 2444 354 2509 καὶ
377 2443 565 2528 ἐπιμέλειαν
587 2457 649 2509 τῶν
670 2456 709 2534 τῇ
731 2445 827 2511 πόλει
847 2443 1016 2533 χρησίμων,
1037 2443 1092 2509 καὶ
1111 2445 1129 2509 ὁ
1146 2445 1291 2530 ὑπομνη-

184 2548 391 2637 ματογράφος
419 2548 473 2614 καὶ
505 2549 523 2613 d
550 2549 789 2639 ἀρχιδικαστὴς,
820 2549 971 2636 τέταρτος
1000 2549 1036 2616 dd·
1067 2551 1085 2615 ὁ
1115 2548 1293 2634 νινιτερινὸς

185 2653 367 2741 στρατηγός.
405 2650 485 2740 ἦσαν
513 2653 571 2737 μὲν
602 2651 656 2719 οὖν
684 2654 739 2720 καὶ
768 2653 826 2719 ἐπὶ
852 2667 915 2720 τῶν
944 2651 1102 2738 βασιλέων
1133 2647 1228 2717 αὗται
1257 2647 1290 2717 αἱ

186 2754 300 2843 ἀρχαί.
315 2809 322 2821 .
336 2760 361 2822 .'

274 2983 300 3047 1)
319 2982 438 3051 Excepto
460 2983 679 3050 Friedlaondoro,
702 2983 861 3037 Darstell.I
884 3001 909 3051 p.
922 2983 964 3050 91,
981 2983 1010 3049 2,
1036 2982 1084 3051 qui
1102 2998 1201 3035 munus
1221 2982 1292 3051 qnod

185 3070 298 3123 vocatur
322 3069 350 3122 ‘a
372 3070 581 3138 cognitionibus'
607 3070 699 3124 verbis
721 3070 868 3124 Lucianeis
892 3070 1028 3139 designari
1053 3071 1138 3138 putat.
1179 3069 1218 3122 Ut
1240 3068 1292 3123 hoc

185 3155 322 3223 probabile
340 3156 446 3217 reddat,
470 3156 539 3210 illud
556 3152 752 3226 Ἀῖγυπτίας
775 3158 873 3223 ταύτης
892 3158 986 3227 ἀρχῆς’
1005 3157 1118 3210 licenter
1137 3157 1293 3224 corruptum

185 3245 296 3310 putans,
321 3243 506 3312 quaestionem
528 3243 568 3297 ita
590 3245 757 3312 obscuravit,
782 3247 813 3297 ut
834 3245 936 3298 dehac
956 3243 1200 3298 sententianoscio
1219 3243 1292 3296 unde

185 3347 220 3383 ex
237 3330 328 3384 abdito
347 3331 424 3384 eruta
441 3330 519 3399 plura
538 3331 626 3385 dicere
643 3331 736 3385 nolim.

273 3417 300 3483 2)
318 3417 348 3470 in
364 3418 428 3472 edit.
441 3417 506 3471 Luc.
519 3417 545 3486 I,
559 3417 575 3470 2
593 3436 618 3486 p.
633 3417 684 3472 208
697 3434 770 3488 seqq.
802 3418 953 3472 Identidem
964 3418 1112 3472 Lumbroso
1125 3417 1159 3470 do
1171 3416 1292 3471 Lucieno

185 3504 495 3575 hypomnematographo
519 3521 618 3573 pauca,
648 3507 696 3559 sed
721 3506 814 3560 eadem
839 3507 894 3560 fere
920 3522 989 3576 quae
1013 3508 1092 3560 antea
1114 3504 1291 3572 Fritzschius,

186 3591 288 3659 attulit,
308 3593 340 3647 cf.
358 3593 387 3646 in
404 3593 424 3646 l.
437 3592 607 3646 Recherches
626 3610 673 3647 sur
690 3591 846 3648 l'economie
858 3593 989 3663 politique
1002 3595 1035 3647 de
1049 3593 1174 3662 l'Egypto
1192 3610 1218 3662 p.
1232 3593 1292 3662 181,

187 3678 283 3731 deinde
302 3679 331 3731 in
348 3678 456 3733 Rivista
475 3680 502 3733 di
521 3679 618 3749 filolog.
636 3680 704 3734 1876
722 3698 747 3749 p.
760 3681 812 3734 473
825 3697 913 3751 sequ..
939 3681 1093 3750 nuperrime
1113 3681 1147 3746 (a.
1165 3679 1245 3746 1882)
1263 3680 1292 3733 in

185 3764 203 3818 1.
222 3764 333 3835 l'Egitto
352 3766 378 3819 al
395 3768 486 3835 tempo
505 3767 549 3820 dei
569 3767 647 3821 Greci
666 3783 681 3820 e
699 3768 743 3821 dei
761 3768 876 3822 Romani
894 3786 918 3837 p.
934 3770 976 3822 73.
1006 3769 1115 3823 Novum
1132 3770 1225 3822 tamen
1242 3770 1291 3834 est

187 3853 258 3920 quod
276 3852 425 3907 Lumbroso
444 3854 516 3920 (Biv.
535 3855 563 3908 di
579 3854 643 3908 fflol.
661 3852 729 3908 1876
747 3873 772 3924 p.
787 3856 850 3923 474)
868 3857 988 3910 fabulam
1006 3871 1203 3923 romanensem,
1223 3871 1291 3924 quae

187 3955 229 4008 ap.
241 3940 306 3993 Luc.
325 3940 354 3993 in
372 3940 465 3994 Toxar.
485 3959 508 3995 c.
523 3941 555 3994 27
570 3958 643 4011 seqq.
662 3942 769 4011 legitur,
788 3943 817 3995 in
835 3944 967 3999 tabulario
985 3946 1292 4018 hypomnematographi
1341 3978 1345 3985 ·

187 4044 204 4083 a
220 4027 339 4082 Luciano
356 4029 495 4084 inventam
513 4046 573 4085 esse
592 4029 737 4084 arbitratus
757 4033 806 4084 est.
