2820 4606
593 244 825 304 -ra-·

149 412 336 501 Kainopog'
359 413 530 499 quominus
544 414 606 478 tale
618 434 737 478 munus
760 420 792 478 et
814 413 1005 499 aLampone
1028 425 1059 482 et
1082 422 1255 489 aLuoiano

149 523 405 586 administratum
419 539 487 585 esse
509 525 666 604 putemus.
711 520 742 582 N
743 540 793 582 am
809 522 1009 604 sequioribus
1030 527 1256 608 imperatorur

150 626 346 709 temporibus
380 627 486 689 omnia
514 625 579 688 fere
614 643 695 707 quae
725 625 800 688 olim
835 627 944 691 ordine
978 637 1074 714 atque
1104 635 1256 719 dignitate

151 734 270 796 civium
293 731 421 795 definita
436 735 527 793 erant
540 749 687 810 munera,
710 730 840 793 confusa
862 750 930 796 esse
952 739 1047 818 atque
1069 740 1256 805 conturbata

150 839 227 902 satis
249 838 396 900 constat¹

239 942 434 1006 Fritzschius
451 940 671 1024 magistratum
687 959 705 1002 a
719 939 859 1004 Lucieno
875 943 979 1008 verbis
1001 945 1058 1023 τὰς
1072 957 1130 1011 τοῦ
1145 946 1256 1034 ἄρχον-

151 1069 207 1123 τος
228 1044 360 1131 γνώσεις
380 1047 473 1109 tacito
497 1045 624 1107 nomine
646 1044 776 1108 allatum
809 1044 1012 1136 dtaoroddrpv
1037 1051 1135 1117 fuisse
1157 1062 1255 1138 putat.

155 1152 216 1216 Sed
237 1170 278 1214 ne
298 1151 357 1213 hoc
369 1150 496 1233 quidem
519 1149 597 1212 mihi
619 1151 688 1212 veri
711 1150 812 1214 simile
834 1152 968 1218 videtur.
1014 1155 1096 1221 Nam
1118 1160 1257 1242 primum

155 1277 184 1318 v.
196 1252 298 1340 ἅρχων
313 1260 369 1319 aut
391 1255 430 1318 de
451 1253 688 1337 magistratibus
701 1256 947 1338 municipalibus
970 1266 1026 1323 aut
1041 1262 1079 1325 de
1094 1265 1257 1347 praefectis

86 1407 89 1412 -
153 1362 333 1444 provinciae
356 1363 542 1444 usurpatur,
567 1360 593 1422 si
615 1365 720 1422 autem
741 1360 912 1425 imidicum
926 1365 1139 1432 Alexandriae
1161 1373 1258 1456 signi-

154 1465 247 1529 ficare
262 1467 430 1547 voluisset,
452 1484 517 1526 non
533 1462 657 1546 debite,
681 1465 760 1547 quin
783 1469 854 1528 ‘aod
874 1477 929 1552 τῆς
951 1467 1078 1547 πόλεως
1100 1469 1258 1558 ἅρχονιος’

154 1572 298 1634 dicturus
325 1570 427 1633 fuerit
477 1567 599 1632 Deinde
626 1568 723 1632 verba
751 1588 831 1652 quae
859 1577 935 1635 sunt
968 1575 1002 1636 in
1030 1576 1122 1660 Apol.
1151 1598 1176 1643 c.
1199 1583 1256 1645 12:

156 1681 227 1760 ίτῆς
241 1669 391 1759 μεγίστης
405 1669 499 1758 ἀρχῆς
510 1681 719 1754 κοινωνοῦμεν
730 1669 785 1736 καὶ
796 1672 834 1737 τὸ
844 1670 941 1761 μέρος
952 1677 1259 1767 συνδιαπράττομεν

153 1780 267 1843 melius
290 1778 328 1841 de
351 1797 388 1842 eo
410 1777 653 1861 intelleguntur,
677 1779 733 1860 qui
755 1779 910 1861 praefecto
933 1801 990 1865 per
1013 1789 1110 1850 totam
1131 1791 1277 1871 provin-'

154 1886 233 1947 ciam
253 1885 305 1947 ius
337 1884 454 1946 dicenti
476 1883 648 1965 adstiterit,
679 1903 774 1965 quam
803 1886 847 1967 ei,
875 1887 931 1969 qui
958 1902 1056 1952 unam
1077 1894 1260 1976 provinciae

155 1987 263 2051 urbem
285 1987 514 2053 moderabatur.
856 1984 859 1991 '

239 2094 353 2177 Itaque
370 2092 548 2156 Lucianum
564 2092 712 2174 praefecti
735 2094 880 2157 comitem
898 2094 995 2159 fuisse
1016 2103 1048 2161 et
1065 2109 1259 2168 commenta-

153 2200 265 2262 riensis
275 2204 307 2262 et
318 2198 472 2261 scriniarii
483 2202 514 2260 et
526 2197 617 2259 amici
626 2197 732 2260 locum
747 2199 885 2262 tenuisse
896 2201 975 2263 mihi
984 2207 1261 2284 persuasissimum
1279 2250 1284 2259 -

153 2310 207 2368 est.
249 2302 365 2366 Omnia
380 2303 407 2365 si
418 2303 725 2384 itainterpretamur,
749 2302 1167 2392 adLucianiverbaoptime
1187 2332 1260 2376 con-

153 2410 296 2473 veniunt.
343 2407 480 2471 Comites
501 2409 599 2489 enim,
623 2409 680 2490 qui
695 2426 787 2490 saepe
802 2409 894 2471 amici
917 2416 1008 2473 erant
1022 2413 1261 2501 praefectorum,

154 2514 317 2597 publicum
332 2513 481 2576 salarium
503 2514 721 2595 acceperunt,²
750 2520 781 2575 et
806 2550 845 2558 —
868 2519 1008 2579 ceterum
1029 2517 1258 2586 fluctuantibus

157 2619 266 2682 officiis
282 2618 507 2700 —praecipue
529 2618 564 2678 in
585 2617 655 2680 iure
671 2616 802 2680 dicendo
818 2620 936 2681 versati
951 2622 1052 2684 sunt³
1096 2622 1261 2689 Commen-
1337 2691 1340 2696 ,

157 2725 324 2787 tariensenr
346 2742 421 2785 vero
443 2723 629 2785 tenuissimo
651 2721 719 2784 loco
742 2721 853 2804 fuisse,
878 2725 963 2805 quod
986 2725 1181 2793 Fritzschius
1203 2731 1260 2797 1.ο.

156 2827 331 2910 contendit,
354 2832 418 2890 tam
433 2828 621 2910 generaliter
644 2826 706 2889 dici
720 2845 785 2889 non
807 2832 925 2909 potest:
949 2847 1071 2913 semper
1092 2835 1261 2917 respicien-

156 2933 248 3016 dum,
279 2933 406 2996 cuinam
426 2933 625 3015 magistratui
648 2932 938 2996 commentariensis
968 2935 1137 3002 adiunctus
1158 2939 1261 3006 fuerit.

157 3037 253 3120 Nam,
277 3037 361 3120 quod
383 3038 527 3119 proxime
550 3037 668 3099 accedit
691 3036 730 3098 ad
747 3035 880 3098 Luciani
894 3037 992 3102 verba
1013 3033 1112 3118 ἔθνος
1126 3040 1261 3132 ἐπιτρα-

156 3153 270 3229 πῆναι,
294 3143 519 3225 comperimus,
543 3161 560 3204 e
580 3142 911 3205 commentariensium
933 3144 1082 3226 praefecti
1104 3152 1261 3232 praetorio

157 3266 289 3312 numero
317 3252 537 3331 procuratores
564 3265 632 3310 esse
655 3246 818 3309 deiectos.⁴
862 3245 943 3311 Cum
973 3256 1263 3324 commentariensis

246 3404 272 3470 1)
292 3403 325 3456 cf.
344 3401 523 3469 lliedla'nder,
542 3400 667 3456 Darstell.
695 3399 718 3453 Ι.
737 3418 762 3469 p.
776 3402 810 3456 55
829 3419 901 3472 seqq.

247 3490 275 3557 2)
295 3487 594 3557 Bathrnann-Hollweg
612 3487 668 3542 1.ο.
687 3488 723 3543 Π.
741 3506 766 3557 p.
781 3489 832 3544 138
850 3507 892 3546 an.
908 3492 954 3544 15:
975 3492 1032 3546 ‘die
1051 3492 1197 3561 gesetzlich
1215 3494 1262 3549 be·

160 3579 278 3633 stimmte
292 3577 359 3633 Zahl
377 3578 435 3643 (der
452 3576 584 3644 comites),
604 3576 690 3630 durch
704 3576 807 3631 welche
819 3576 1050 3648 Privatbegleiter,
1069 3579 1192 3634 lieunde
1212 3585 1262 3637 etc.

159 3666 235 3720 nicht
252 3665 474 3736 ausgeschlossen
493 3664 566 3731 sind,
591 3664 664 3717 steht
687 3663 726 3716 im
748 3665 922 3720 dffentlichen
939 3667 1036 3721 Dienst
1053 3667 1109 3720 und
1127 3669 1263 3738 empfdngt

160 3751 413 3822 suasbesoloung!
450 3751 488 3806 cf.
507 3750 666 3819 Mommsen,
686 3750 853 3807 Staatsrocht
870 3753 885 3806 I
901 3770 927 3821 p.
942 3752 1001 3808 246.

244 3840 270 3908 3)
288 3840 446 3908 Mommsen,
466 3838 663 3894 Staatsrechti
684 3856 710 3907 p.
724 3839 783 3893 223.
820 3840 930 3909 Madvig
948 3839 963 3893 I
980 3857 1006 3908 p.
1020 3839 1080 3894 589.

244 3927 273 3995 4)
295 3927 381 3982 Cauer
398 3928 428 3981 in
441 3928 552 3996 Ephem.
566 3927 648 3997 epigr.
668 3926 709 3980 IV
721 3945 746 3996 p.
760 3927 823 3981 425:
843 3927 978 3996 ‘apparet,
997 3945 1096 3983 munus
1111 3929 1182 3998 quod
1195 3928 1262 3981 dici·

159 4016 203 4068 tur
226 4031 243 4070 a
266 4014 467 4070 commentariis
488 4014 683 4082 praefectorum
706 4015 838 4082 praetorio
861 4031 982 4070 summae
1010 4016 1148 4086 dignitatis
1170 4014 1262 4083 fuisse,

161 4102 286 4170 quoniam
305 4119 340 4156 ex
359 4119 389 4156 eo
407 4104 592 4170 procuratores
611 4101 676 4155 iacti
695 4101 775 4156 sunt!

1046 4189 1088 4254 2st
