2820 4606
594 221 808 280 „45-

235 393 307 457 Duo
330 411 405 456 veru
427 392 614 475 fragmenta,
645 408 726 472 quae
751 390 864 453 deinde
886 411 904 453 a
926 391 1060 455 Stobaeo
1084 391 1251 454 memoriae

148 499 264 562 tradIta
287 502 376 579 sunt,
399 496 478 558 nihil
501 495 708 557 dubitationis
730 495 919 558 admittunt:

213 603 321 687 fragm.
345 601 395 664 HI
419 599 585 663 Ibitzsehii
608 632 639 650 =
664 598 749 662 Stob.
770 599 837 662 flor.
859 602 969 682 2l,.8:
994 599 1155 686 Δημῶναξ
1174 598 1252 685 ἐριν-

147 703 261 793 τηθεὶς
292 703 374 769 πότε
403 701 519 791 ἤρξατο
551 702 759 790 φιλοσοφεῖν·
792 701 844 767 ότε
871 704 1151 788 καταγιγνώσκειν,
1183 697 1253 792 ἔφη,

148 808 286 892 ἐμαυτοῦ
310 805 457 895 ἠρξάμην.

214 915 323 998 fragm.
352 912 400 976 IV
426 912 476 977 rr.
500 944 531 962 =
556 911 641 975 Stob.
669 910 775 995 Eclog.
806 912 853 993 H,
884 915 917 994 1,
947 915 1002 976 11:
1049 908 1255 990 ἐξεταζόνιινν

147 1030 253 1098 τινῶν,
277 1013 307 1080 εὶ
328 1016 345 1080 ό
367 1013 487 1097 κόσμος
510 1009 663 1102 ίμφοχος,
682 1010 736 1076 καί
753 1008 852 1090 αὖθις
866 1010 895 1078 εί
911 1014 1133 1103 σφαιροειδής·
1156 1015 1254 1097 ὑμεῖς,

149 1119 226 1210 ἔφη,
260 1119 338 1206 περί
367 1117 424 1202 μὲν
453 1129 511 1184 τοῦ
536 1118 657 1201 κόσμον
684 1118 997 1204 πολυπραγμονεῖτε,
1032 1117 1108 1205 περὶ
1137 1116 1172 1182 όὲ
1201 1129 1256 1205 της

149 1223 270 1292 ἓαιτῶν
298 1220 456 1306 άκοσμίας
487 1222 523 1288 οό
552 1219 742 1312 φροντίζετε.
803 1224 892 1288 Idem
923 1230 971 1289 est
999 1247 1046 1310 ap.
1077 1226 1256 1288 Antonium

149 1331 248 1396 Serm.
273 1332 312 1394 37
336 1351 365 1413 p.
389 1332 438 1412 55,
463 1331 502 1392 17
527 1327 588 1413 (ed.
613 1327 743 1414 Gener.)
767 1334 799 1392 et
821 1349 868 1412 ap.
887 1330 1065 1393 Maximum
1087 1329 1120 1392 H
1142 1350 1171 1412 p.
1193 1331 1255 1394 600

148 1436 211 1523 (ed.
236 1433 416 1520 Combefis),
439 1455 512 1498 eum
532 1434 679 1497 lemmate
698 1433 921 1519 Δημώνακτος.

240 1540 426 1622 Sequuntur
460 1559 509 1622 ea,
547 1558 628 1621 quae
663 1541 698 1601 in
735 1539 804 1602 ains
838 1538 999 1622 florilegiis
1036 1539 1095 1603 sub
1128 1542 1257 1602 nomine

150 1646 353 1710 Demonaetis
390 1645 615 1727 inveniuntur,
658 1643 742 1727 apud
776 1642 948 1707 Stobaeum
984 1664 1060 1707 vero
1098 1645 1166 1707 aliis
1202 1645 1257 1707 tri-

151 1750 314 1814 buuntur:

218 1854 255 1916 fr.
285 1853 388 1916 XXII
414 1852 463 1917 Fr.
488 1885 521 1904 =
544 1854 663 1915 Anton.
692 1872 721 1935 p.
746 1854 822 1935 278,
848 1854 895 1917 19.
946 1853 1030 1916 Max,
1058 1852 1092 1915 Π
1122 1874 1150 1937 p.
1177 1855 1256 1916 579:

160 1956 177 2020 ὁ
200 1955 287 2041 λόγος
310 1957 421 2040 ὥσπερ
444 1954 589 2042 πλάστης
608 1954 734 2042 άγαθός
748 1967 804 2042 τῆς
819 1967 920 2042 ψυχῆς
934 1951 1126 2042 περιτίθησι
1145 1967 1257 2042 σχῆμα.

157 2061 218 2126 Hie
244 2063 333 2125 loeus
362 2083 380 2125 a
405 2061 553 2146 Stobaeo,
583 2062 650 2125 flor.
677 2063 731 2143 81,
759 2063 813 2143 13,
844 2060 963 2124 Socrati
991 2061 1155 2144 tribuitur,
1186 2082 1259 2124 eum

154 2167 266 2230 melius
294 2169 447 2251 scripturn
475 2168 529 2230 sit:
562 2165 579 2228 ό
602 2163 696 2250 λόγος
714 2165 824 2250 ὥσπερ
847 2163 993 2251 πλάστης
1014 2163 1141 2249 ἀγαθὸς
1162 2164 1260 2228 καλὸν

152 2280 192 2357 τῇ
221 2280 306 2357 φαχῇ
333 2266 525 2356 περιτίθησι
555 2280 666 2355 σχῆμα.
711 2269 827 2352 Itaque
854 2290 911 2353 pro
940 2270 1115 2354 fragmento
1145 2269 1259 2333 Demo-

152 2378 255 2439 naetis
277 2376 442 2439 habendus
463 2395 529 2438 non
552 2377 619 2439 erit.

219 2480 255 2544 fr.
274 2480 306 2540 V
328 2479 376 2546 Fr.
401 2514 432 2530 ==
456 2481 575 2543 Anton.
603 2500 632 2562 p.
656 2481 732 2561 222,
752 2481 802 2542 48.
850 2479 934 2542 Max.
957 2478 1004 2562 Π,
1029 2481 1107 2543 572:
1140 2477 1259 2564 Δημώ-

153 2606 277 2659 νακτος.
307 2578 371 2647 είσί
393 2606 490 2663 τινες,
516 2579 545 2646 οῖ
568 2580 702 2664 τὸνμὲν
724 2580 870 2668 παρόντα
891 2578 964 2664 βίον
987 2580 1023 2645 οὐ
1046 2581 1154 2662 ζῶσιν,
1179 2580 1260 2646 atta

154 2686 451 2774 παρασκευάζονται
476 2687 580 2773 πολλῇ
598 2687 738 2773 σπονδῇ,
770 2686 813 2762 ὡς
835 2683 942 2772 ἕτερον
962 2682 1034 2769 βίον
1055 2684 1259 2768 βιωσόμενοι,

156 2791 192 2856 οό
215 2792 270 2855 τὸν
292 2791 446 2878 παρόντα.
492 2792 554 2857 Sed
580 2791 664 2856 Stub.
687 2792 754 2855 flor.
781 2793 835 2875 16,
861 2794 901 2856 19
930 2792 1015 2855 idern
1036 2792 1166 2855 exhibet
1188 2811 1260 2855 curn

155 2899 302 2961 lemmate
326 2890 536 2983 Ἀντιφῶντος
566 2899 600 2959 iu
629 2897 716 2960 hune
745 2896 876 2960 modurn
905 2901 1051 2960 auctum:
1082 2891 1147 2960 εἰσί
1168 2918 1260 2976 τινες,

157 2996 186 3064 οἱ
215 3000 270 3063 τόν
298 2998 444 3086 παρόντα
471 2997 528 3082 μὲν
553 2995 625 3082 βίον
653 2996 689 3063 οὗ
716 2998 825 3079 ζῶσιν,
858 2997 938 3062 atta
964 2998 1259 3085 παρασκευάζονται

156 3104 263 3190 πολλῇ
297 3104 437 3190 σποοόῆ,
475 3103 518 3180 ὡς
552 3099 657 3189 ἕτερόν
689 3127 761 3166 τινα
793 3098 865 3186 βίον
893 3101 1102 3186 βιωσόμενοι,
1144 3102 1181 3168 οὐ
1209 3104 1264 3168 τὸν

159 3207 322 3294 παρόντα·
357 3206 411 3271 καί
442 3206 475 3271 ἐν
503 3207 605 3293 τοότφ
634 3205 918 3293 παραλειπόμενος
947 3206 964 3270 ό
991 3206 1102 3294 χρόνος
1132 3201 1261 3288 οῖγεται.

158 3314 353 3378 Fritzsehius
374 3335 402 3397 p.
419 3314 501 3378 XVI
523 3313 709 3378 Demonaeti
727 3315 804 3378 haee
818 3312 915 3377 verba
931 3315 1089 3396 attribuit,
1110 3313 1165 3378 sed
1181 3331 1262 3396 quae

157 3420 256 3501 addit,
292 3425 328 3482 ut
360 3421 548 3483 sententiam
581 3421 737 3500 muniret,
777 3419 855 3480 mihi
889 3418 1017 3501 quidem
1047 3439 1160 3501 parurn
1193 3417 1262 3480 veri

158 3525 273 3587 siuriliu
299 3524 456 3587 videntur.
501 3523 690 3587 Incredibile
719 3524 804 3586 eni1n
830 3528 892 3607 est,
922 3524 1038 3587 lemma
1051 3515 1264 3609 Ἀντιφῶντος
1307 3562 1309 3568 -

158 3647 199 3691 ex
229 3629 278 3710 16,
301 3631 342 3691 29
372 3631 406 3690 in
435 3631 520 3692 huna
548 3630 654 3691 laeum
683 3633 846 3710 arreptum
868 3646 945 3692 esse.
990 3627 1190 3690 Probabilius
1212 3645 1262 3690 res

158 3735 301 3796 evenisse
322 3735 450 3797 videtur
472 3736 533 3798 sic:
548 3723 551 3729 ’
564 3732 668 3797 Locus
691 3732 863 3797 attributus
884 3737 952 3795 erat
972 3733 1179 3816 Antiphonti,
1209 3732 1264 3796 sed

159 3857 231 3900 eum
251 3839 365 3900 lemma
383 3858 458 3902 casu
477 3840 584 3922 aliquo
601 3839 752 3902 omissum
768 3842 864 3918 esset,
886 3837 1070 3920 compilator
1082 3847 1136 3922 της
1150 3831 1264 3918 βίβλον

158 3953 221 4003 τῶν
249 3942 468 4027 παραλλήλων,
502 3945 556 4025 qui
585 3943 646 4005 hoc
674 3943 742 4005 loeo
773 3941 944 4006 stobaeum
971 3943 1152 4024 usurpavit,
1179 3941 1265 4004 hune

159 4047 264 4110 loeurn
287 4049 315 4109 ei
339 4047 483 4111 attribuit
504 4048 639 4129 auctori,
661 4048 714 4110 eui
735 4046 922 4110 anteeedens
941 4067 959 4110 a
975 4046 1107 4111 Stobaeo
1123 4045 1266 4109 addictus
