2820 4606
586 198 803 255 „34-

234 369 296 435 Sed
322 370 408 432 hunc
437 367 544 430 locum
578 367 681 430 adhuc
713 367 748 428 in
775 364 878 428 medio
915 365 1149 446 relinquamus:
1188 366 1251 428 iam
1309 328 1313 413 i

146 476 324 555 videamus,
359 491 514 554 quaenam
546 471 776 536 samosatensis
809 468 847 532 de
876 470 922 531 rei
950 467 1095 550 publicas
1120 469 1252 532 historia

148 579 297 643 attulerit.
310 573 314 581 ’
331 577 405 641 Duo
421 582 545 639 tantum
560 576 689 638 nomina
702 575 898 637 invenimus:
919 571 1075 655 Scipionis
1090 578 1121 635 et
1136 571 1251 649 Sullae.

149 685 195 748 Ut
216 683 255 746 ab
277 683 336 745 hoc
363 681 483 744 ordiar:
511 672 617 745 Sullae
644 679 693 743 bis
722 680 914 742 mentionem
936 677 1025 761 facit,
1057 676 1113 740 sed
1131 679 1194 760 ita,
1217 685 1253 742 ut

148 807 214 851 non
236 788 353 872 gloriae
370 805 516 849 romanae
539 783 775 867 amplificandae
797 783 853 846 sed
876 783 939 846 odii
961 802 997 845 ac
1023 781 1140 845 fastidii
1167 785 1253 846 exci-

147 892 236 955 tandi
258 911 353 955 causa
381 891 539 953 nominari
567 889 719 953 videatur.
763 887 813 951 De
844 886 984 950 artificiis
1013 888 1098 949 enim
1125 887 1254 951 aSulla

148 997 298 1080 correptis
320 996 517 1077 Romamque
541 992 710 1076 deportatis
732 995 838 1077 agitur
860 993 947 1055 etin
969 992 989 1053 l.
1005 990 1075 1054 adv,
1089 990 1160 1053 Ind.
1186 993 1253 1074 64,

148 1101 204 1164 ubi
233 1101 286 1163 ille
315 1098 332 1161 ὁ
360 1097 481 1173 Σύλλας
504 1102 629 1161 tantum
657 1103 807 1180 vocatur,
843 1102 875 1159 61
901 1098 936 1158 111
964 1095 1062 1160 Ζ61111.
1091 1114 1116 1157 c.
1140 1098 1169 1178 3,
1199 1095 1253 1159 ubi

148 1204 268 1280 Σύλλας
283 1198 475 1284 ὁῬωμαίων
490 1199 664 1287 στρατηγός
678 1203 869 1265 nominatur.
914 1201 1026 1283 Itaque
1049 1200 1109 1263 hoc
1130 1200 1253 1264 facinus

149 1308 328 1372 aLuciano
351 1326 416 1370 non
437 1327 454 1370 e
476 1325 678 1369 romanarum
700 1326 807 1370 rerum
830 1307 994 1389 memoria,
1015 1303 1071 1367 sed
1094 1323 1252 1388 egraeca-

149 1435 221 1478 rum
244 1417 439 1496 compertum
461 1431 528 1475 esse
550 1413 623 1494 quis
641 1417 702 1494 est,
723 1413 801 1495 quin
820 1411 949 1474 videat?

235 1551 284 1615 De
299 1551 444 1634 Scipione
464 1570 538 1614 vero
563 1550 639 1633 quid
662 1551 809 1632 sentiam,
829 1550 924 1632 paulo
943 1549 1075 1612 uberius
1097 1549 1176 1612 mihi
1190 1549 1250 1613 dis-

149 1657 326 1740 putandum
349 1675 416 1719 esse
438 1660 524 1738 puto.
570 1653 650 1717 Dial.
672 1658 763 1717 mort.
780 1653 847 1717 XII
868 1652 1053 1717 Alexander
1075 1659 1108 1716 61
1129 1653 1249 1718 Hanni·

149 1760 201 1824 bal
227 1761 265 1823 de
293 1761 407 1842 prioris
435 1758 517 1823 sedis
546 1760 616 1822 iure
642 1759 827 1821 altercantes
856 1758 895 1820 ad
922 1757 1062 1820 Minoem
1091 1758 1241 1837 accedunt,

150 1872 187 1928 ut
212 1864 268 1927 fiat
297 1864 363 1927 litis
393 1863 517 1926 arbiter.
570 1863 667 1944 Apud
698 1861 837 1926 Minoem
871 1867 1022 1944 uterque,
1057 1860 1245 1925 oratiuncula

150 1971 235 2053 paris
256 1968 463 2053 longitudinis
484 1969 535 2032 vel
557 1967 597 2030 ad
613 1968 817 2031 offensionem
839 1967 1011 2031 adversarii
1033 1967 1084 2029 vel
1107 1967 1149 2029 ad
1171 1984 1249 2030 com-

150 2073 384 2137 mendationem
414 2075 464 2136 sui
490 2072 611 2154 habita,
644 2074 757 2136 merita
788 2092 845 2136 sua
874 2071 1020 2134 illustrat.
1072 2071 1156 2134 Tum
1182 2088 1253 2134 cum

150 2177 341 2258 Alexander,
358 2179 413 2260 qui
428 2179 583 2259 posterior
597 2177 695 2241 verba
708 2177 799 2259 facit,
821 2178 856 2239 in
869 2176 948 2239 fine:
974 2168 1116 2260 ί61111161,
1141 2177 1254 2258 inquit,

152 2281 208 2345 ‘od
231 2279 282 2361 δὲ,
307 2276 474 2359 ὦΜίνως,
498 2276 619 2359 δίκαζε·
643 2275 735 2343 ἱκανὰ
750 2281 809 2365 γὰρ
829 2278 897 2342 ἀπὸ
912 2279 1041 2342 πολλῶν
1063 2276 1117 2341 arri
1132 2278 1254 2357 ταῦτα’,

152 2387 256 2451 subito
279 2386 383 2468 Scipio
405 2385 570 2448 intercedit
592 2384 711 2448 verbis:
736 2384 793 2469 ‘pri
814 2380 972 2469 πρότερον
993 2382 1013 2469 ἢ
1033 2383 1076 2468 μὴ
1095 2380 1152 2445 καὶ
1179 2380 1257 2464 ἐμοῦ

151 2488 307 2575 ἀκούσῃς]
352 2489 414 2552 Η16
431 2496 536 2552 tamen
558 2508 609 2553 res
625 2495 729 2574 gestas
751 2508 817 2551 non
839 2490 914 2552 item
932 2486 1037 2551 verbis
1053 2487 1180 2570 dilatat,
1202 2487 1256 2552 sed

151 2596 259 2680 paucis
282 2599 406 2658 tantum
428 2592 602 2657 adumbrat.
647 2593 794 2676 Denique
816 2593 921 2656 Minos
936 2592 1164 2656 Alexandrum
1193 2593 1255 2677 pri-

150 2720 254 2783 mum,
277 2700 451 2764 secundum
467 2699 658 2782 Scipionem,
681 2701 809 2763 tertium
825 2697 1037 2762 Hannibalem
1060 2696 1256 2761 censendum

152 2823 219 2868 esse
241 2805 367 2868 iudicat.

240 2941 424 3026 Complura1
440 2949 515 3006 sunt
530 2961 611 3025 quae
627 2943 660 3003 in
675 2943 735 3004 hoc
750 2941 872 3024 dialogo
885 2941 1077 3022 displiceant.
1112 2939 1256 3003 Primum

153 3045 280 3129 quidem
307 3048 473 3129 miramur,
510 3047 595 3130 quod
622 3046 726 3128 Scipio
764 3046 851 3109 solus
887 3065 905 3107 a
932 3044 1072 3107 Luciano
1102 3063 1189 3107 unus
1215 3063 1256 3106 ex

152 3151 295 3213 omnium
323 3149 539 3214 Romanorum
575 3168 724 3232 numero,
758 3168 824 3212 non
852 3149 955 3213 solum
988 3150 1023 3211 in
1058 3155 1256 3212 mortuorum

158 3325 360 3332 -.---.-.

240 3424 267 3489 1)
285 3422 318 3476 In
338 3439 369 3477 66
386 3424 476 3477 tamen
501 3425 572 3492 quod
591 3424 745 3493 Scipionem
769 3424 899 3478 maiorem
921 3438 982 3475 cum
1000 3422 1103 3476 minore
1128 3423 1256 3491 confudit

156 3511 267 3564 fortasse
286 3527 338 3564 non
356 3510 560 3579 offendendum,
584 3511 648 3580 quia
669 3511 715 3563 hic
734 3527 807 3565 error
825 3510 858 3564 ab
876 3509 1073 3577 antiquissimis
1090 3509 1256 3576 temporibus

152 3611 239 3664 usque
257 3597 291 3651 ad
308 3596 433 3665 sequiora
446 3597 553 3665 saepius
567 3597 758 3664 committitur:
778 3597 811 3649 cf.
830 3596 880 3649 loc.
899 3595 1022 3663 interpot.
1036 3595 1100 3649 Hor.
1116 3611 1196 3648 carm.
1210 3595 1257 3662 IV,

152 3682 179 3750 8,
200 3684 232 3736 15
251 3699 324 3752 seqq.
344 3686 371 3736 61
388 3684 576 3738 Lehmannum
594 3685 623 3737 in
641 3685 704 3738 edit.
724 3684 786 3739 dial.
806 3685 883 3736 mort.
906 3680 1108 3750 (1822111561
1127 3685 1257 3736 1111161611-

152 3774 220 3822 tem:
248 3770 292 3822 ‘in
321 3787 400 3838 quem
424 3787 541 3825 errorem
568 3772 650 3826 etiam
674 3786 727 3824 non
758 3767 959 3824 indoctissimos
984 3769 1106 3822 homines
1127 3768 1258 3821 incidisse

154 3856 283 3909 memini.’
320 3856 364 3911 Sic
387 3859 416 3911 in
437 3858 612 3913 translatione
632 3858 732 3927 dialogi
749 3857 849 3924 nostri,
875 3871 943 3924 quae
969 3871 1038 3910 saec.
1059 3854 1113 3908 XV
1138 3856 1259 3910 confecta

154 3947 195 3998 est
213 3944 278 4010 (vid.
298 3944 386 4002 infra).
406 3947 433 3998 61
450 3962 541 4014 pugna
558 3947 592 4000 ad
611 3945 720 3999 Zamam
739 3945 885 3998 commissa
903 3944 930 3994 et
947 3942 1047 3996 bellum
1061 3942 1259 3996 Numantinum

155 4035 398 4085 commemorantur
416 4032 487 4085 facta
505 4033 626 4086 eiusdem
643 4031 819 4100 imperatoris.
