2820 4606
603 237 816 294 -13-

220 401 294 477 ιτδις
323 397 414 478 δίκας
444 398 584 486 εἰσάγειν
612 399 666 465 καί
695 401 784 481 τάξιν
812 399 922 478 αδταίς
950 403 1005 488 τίγν
1035 403 1259 489 προσήκουσαν

153 503 340 570 ἐπιτιθέναι
372 503 425 570 καί
455 519 517 569 τῶν
539 502 768 591 πραττομένων
787 504 841 570 καί
865 503 1040 591 λεγομένων
1062 507 1258 586 ἁπαξαπάν-

152 636 215 675 των
237 611 449 697 ὑπομνὴματα
472 608 657 697 γράφεσθαι
681 609 735 674 καὶ
753 609 812 688 τοίς
828 633 863 674 τε
879 608 1042 697 ῥητορείας
1055 624 1117 676 τῶν
1133 613 1258 678 δικαιο-

153 716 329 801 λογούντων
357 711 523 801 ῥυθμίζειν
552 714 606 780 καὶ
635 717 693 793 τὰς
714 725 771 780 τοῦ
794 714 942 801 δίρχοντος
964 717 1096 802 γνώσεις
1117 718 1200 803 πρὸς
1221 719 1259 783 τὸ

154 819 356 910 σαφέστατον
390 822 456 903 ἅμα
486 818 540 884 καί
571 819 801 907 ἀκριβέστατον
830 821 886 885 σδν
916 818 1027 886 πίστει
1059 832 1098 910 τῇ
1126 820 1260 911 μεγίστῃ

155 924 381 1014 διαφυλάττειν
407 923 461 989 καί
489 924 704 1012 παραδιδόναι
736 922 874 1012 δημοσίᾳ
897 926 979 1012 πρὸς
1000 927 1055 990 τὸν
1078 925 1129 991 cici
1149 927 1260 1013 χρόνον

156 1028 428 1112 ἀποκεισομένας.
442 1081 449 1094 .
464 1032 487 1094 .’

242 1138 359 1201 Mirum
387 1142 446 1220 est,
479 1137 564 1219 quod
595 1157 786 1220 quamquam
816 1137 990 1222 Lucianus,
1022 1139 1115 1222 quale
1143 1155 1290 1204 munus'

155 1243 261 1326 fuerit,
291 1248 355 1306 tam
385 1242 516 1305 verbose
548 1242 697 1325 explicat,
737 1247 842 1306 tamen
872 1263 922 1306 vr.
955 1243 1004 1306 dd.
1034 1262 1098 1306 non
1130 1263 1261 1307 consen-

155 1353 280 1412 serunt:
322 1349 389 1411 sine
419 1348 633 1410 controversia
660 1367 736 1410 vero
766 1352 890 1411 constat
916 1349 998 1411 inter
1031 1368 1154 1432 omnes,
1188 1369 1260 1413 eum

102 1450 105 1456 ’
153 1453 318 1515 iudiciario
339 1453 446 1534 aliquo
469 1471 601 1516 munere
623 1452 769 1516 functum
792 1472 868 1516 esse.

242 1557 308 1620 Iam
335 1557 376 1621 H.
399 1556 567 1620 Valesius¹
597 1557 743 1620 funditus
771 1558 950 1641 repudiavit
980 1559 1160 1640 opinionem
1191 1560 1214 1624 I.
1244 1580 1262 1622 a

155 1663 281 1745 Cestae,
315 1663 370 1744 qui
399 1661 575 1724 Lucianum
607 1681 795 1726 assessorem
824 1663 890 1726 sive
920 1663 1134 1726 consiliarium
1164 1663 1262 1727 fuisse

155 1768 325 1831 arbitratus
347 1771 403 1831 est.
448 1767 580 1831 Minime
602 1767 784 1830 dubitanter
806 1767 969 1831 Valesius:
999 1768 1067 1832 ‘sed
1089 1769 1190 1852 pace’,
1212 1770 1261 1832 in-

157 1875 239 1956 quit,
272 1873 345 1934 ‘viri
381 1872 586 1936 eruditissimi
621 1872 740 1935 dictum
775 1873 830 1955 sit,
868 1891 932 1935 non
967 1891 1169 1956 assessorem,
1207 1875 1262 1937 sed

64 2007 69 2013 ·
157 1977 556 2060 hypomnematographum
587 1996 620 2040 se
651 1977 748 2041 fuisse
778 1977 828 2040 his
858 1981 890 2040 et
919 1977 1126 2059 sequentibus
1155 1978 1262 2042 verbis

158 2081 312 2166 significat
352 2081 520 2167 Lucianus.
594 2081 644 2145 Sic
692 2083 775 2145 enim
823 2081 1008 2145 dicebantur
1050 2083 1263 2146 Alexandriae

157 2188 288 2251 actuarii
311 2207 369 2252 seu
391 2188 600 2270 memoriales,
625 2189 680 2270 qui
703 2192 772 2250 acta
794 2187 1021 2250 conficiebant!

243 2292 295 2355 Ad
317 2292 436 2356 Valesii
467 2292 632 2355 arbitrium
663 2297 693 2356 et
721 2297 838 2356 nutum
868 2297 970 2355 totum
998 2311 1067 2356 sese
1090 2312 1262 2356 accommo-

156 2397 243 2460 davit
266 2397 477 2462 Gothofredus
499 2399 533 2460 in
556 2397 693 2461 editione
718 2397 790 2462 Ood.
811 2397 926 2461 Theod.
947 2398 994 2461 IV
1017 2419 1045 2481 p.
1065 2400 1138 2463 524.

243 2503 359 2566 Postea
373 2503 493 2566 Valesii
515 2502 685 2566 verborum
708 2505 876 2566 evanuisse
898 2503 1025 2566 videtur
1045 2503 1167 2584 notitia,
1190 2521 1263 2564 cum

155 2625 260 2688 neque
289 2607 431 2671 Reitzius
460 2627 565 2690 neque
587 2607 785 2671 Wielandius
815 2626 919 2690 neque
950 2606 1133 2670 Rudorffius
1159 2626 1264 2689 neque

156 2712 237 2775 alius
268 2713 435 2796 quisquam
469 2718 542 2775 ante
571 2712 606 2775 G.
637 2711 837 2775 Dindonium
867 2714 1059 2776 mentionem
1090 2713 1263 2775 sententiae

156 2817 343 2881 Valesianae
364 2818 479 2881 fecerit

243 2920 387 2986 Reitzius
426 2924 511 2985 enim
549 2921 677 2983 omnino
717 2940 782 2983 non
820 2921 858 2984 de
896 2922 1263 3005 hypomnematographo

157 3027 286 3109 cogitat,
310 3026 365 3089 sed
388 3026 426 3089 de
449 3027 587 3089 actuario
610 3025 661 3088 vel
680 3025 857 3109 graphiario
875 3030 999 3088 tantum
1015 3045 1156 3109 munere,
1179 3027 1264 3108 quod

157 3135 241 3193 certo
264 3132 393 3194 nomine
417 3150 528 3194 ornare
553 3149 619 3193 non
643 3129 763 3192 audet²

244 3235 445 3300 Wielandius
482 3235 693 3299 Samosatensi
735 3233 878 3317 publicas
920 3236 1103 3318 provinciae
1141 3234 1264 3298 tabulas

133 3355 136 3363 ’
158 3344 340 3406 commissas
361 3341 459 3405 fuisse
482 3339 668 3405 existimat.³

244 3446 429 3511 Rudorffius
451 3466 540 3529 vero,
568 3446 692 3509 tametsi
715 3444 893 3528 Valesium,
917 3450 1071 3528 utsupra
1095 3445 1177 3526 dixi,
1200 3463 1264 3507 non

157 3553 313 3635 nominat,
336 3556 441 3614 tamen
465 3552 652 3615 sententiam
676 3551 745 3613 eius
764 3570 895 3634 prorsus
919 3549 1089 3633 sequitur.4

246 3827 273 3894 1)
292 3825 326 3880 ad
345 3827 433 3878 Amm.
452 3824 533 3879 Marc.
552 3842 577 3892 p.
592 3823 643 3878 353
664 3824 704 3878 ed.
725 3839 748 3878 a.
769 3824 845 3878 1636.

246 3913 273 3979 2)
294 3913 335 3966 ed.
354 3927 378 3966 a.
398 3913 466 3965 1743
484 3911 498 3965 Ι
516 3930 542 3980 p.
556 3911 633 3965 LXV
646 3929 720 3982 sequ.

247 4001 274 4067 3)
293 3999 413 4054 Lulrians
432 4000 531 4052 Werlre
549 3998 574 4051 V
591 4018 617 4068 p.
631 3999 689 4054 184.

246 4087 274 4156 4)
294 4087 323 4140 in
342 4087 412 4141 Mus.
430 4087 553 4142 Rhenan.
571 4088 601 4141 Π
620 4087 718 4157 (1828),
736 4105 762 4155 p.
775 4084 818 4140 82.
