2820 4606
497 227 798 284 ...3-

149 392 321 476 ἐπιδείξεις
353 397 477 478 habuit,
514 415 587 459 cum
619 396 735 477 scripta
767 414 832 457 sua
858 395 893 455 in
923 377 1050 476 publico
1084 393 1253 455 recitaret¹

105 511 109 519 '
147 501 229 565 Nam
253 497 438 579 (ἐπίδειξιξ
462 505 493 563 et
480 493 795 563 Ήέπιδείκνοσθαι
820 502 1071 580 usurpanturet
1040 496 1127 560 etde
1149 497 1254 579 sophi-

148 613 269 670 starum
292 605 572 670 declamationibus
593 610 624 668 et
611 604 677 668 tde
692 603 929 690 recitationibus
943 608 1109 685 poetarum
1125 604 1255 685 scripto-

147 730 284 794 rumque
311 716 352 774 et
329 711 404 774 tde
427 729 621 793 unoquoque
645 709 775 789 artifice
806 710 862 792 qui
888 710 964 771 artis
991 727 1066 771 suae
1097 709 1285 790 specimen

147 819 180 878 in
204 816 454 900 publicumt
390 815 462 879 edit.
499 814 571 878 Hoc
590 833 631 877 ex
650 759 817 877 Lucianb
809 833 877 897 1pso
897 815 1099 897 perspicitur
1121 811 1156 876 cf.
1172 812 1255 876 Har-

148 933 274 983 mon'c.
292 923 325 984 3:
351 909 551 1004 ι11ὀοιδὸξης
572 916 734 1003 ὀρέγονται
755 915 909 1003 δημόσιόν
927 941 959 981 τι
980 915 1255 998 ἐπιδεικνύμενοι]
1290 991 1292 997 y

150 1024 199 1088 De
221 1025 347 1089 tibicine
369 1027 404 1087 in
426 1025 567 1089 eiusdem
585 1025 695 1089 Harm.
719 1010 780 1090 αζ2
804 1025 934 1087 dicitur:
965 1018 1009 1086 ‘ei
1031 1021 1157 1098 τούτοις
1179 1019 1255 1084 ἐπι-

151 1125 272 1208 δείξαιο
303 1129 344 1191 τὰ
373 1126 582 1214 αὐλήματα.’,
607 1128 656 1192 De
684 1129 868 1192 Alexandro
896 1130 1135 1213 praestigiatore
1162 1127 1254 1191 Alex

151 1235 253 1298 ο,16;
285 1233 355 1320 ίτὴν
383 1229 418 1296 δὲ
447 1228 604 1310 ἐπίδειξιν
633 1230 687 1312 οὐχ
714 1233 806 1312 ἅπαξ
829 1233 846 1297 ὁ
868 1231 1004 1316 μιαρός]
1049 1232 1194 1315 Denique
1217 1233 1256 1296 de

151 1344 249 1402 semet
271 1341 339 1422 ipso
363 1338 501 1422 dialogos
523 1341 675 1402 recitante
697 1338 858 1403 Lucianus
880 1341 913 1402 in
935 1339 1040 1402 Piscat
1058 1358 1083 1402 c.
1101 1339 1136 1400 6:
1162 1335 1257 1400 ‘adrui

53 1521 57 1529 .
150 1443 246 1526 γοῦν,
277 1444 396 1525 inquit,
421 1437 659 1523 ίἐπιδείκνυμαι
681 1440 896 1528 ἅνθρώποις’,
928 1442 965 1507 cf.
990 1443 1094 1506 Prom.
1115 1444 1150 1504 in
1170 1442 1255 1505 verb.

150 1567 174 1610 c.
203 1551 237 1611 2:
263 1544 381 1634 1ἡμεῖς
408 1543 448 1638 dd
478 1539 596 1611 εἴδωλα
628 1544 711 1610 ἅττα
738 1543 1008 1629 ἐπιδεικνύμεθα
1040 1547 1121 1610 etc.l
1171 1547 1256 1629 Ergo

148 1653 246 1716 verba
282 1654 350 1717 illa:
394 1650 515 1716 ιπάλαι
552 1665 614 1716 τῶν
649 1649 837 1732 επιδείξεων
867 1649 1080 1735 πεπαυμένοι
1117 1655 1181 1715 no'n
1217 1651 1257 1715 ad

60 1755 61 1759 ’
150 1759 393 1822 declamationes
415 1759 616 1842 sophisticas,
639 1759 695 1822 sed
717 1759 757 1822 ad
778 1759 932 1822 librorum
954 1759 1155 1874 recitationes
1179 1756 1257 1820 refe-

150 1864 248 1927 renda
269 1869 353 1928 srmt

238 1969 350 2052 Itaque
373 1971 418 2033 sic
438 1989 488 2060 res
511 1989 544 2033 se
567 1969 673 2033 habet:
693 1969 842 2034 Samosat
829 1971 927 2032 tensis
948 1987 1050 2052 usque
1069 1968 1109 2030 ad
1125 1967 1257 2050 quadra-

152 2059 310 2156 gesimum
331 2057 452 2138 annum
474 2075 545 2138 rhet
531 2076 661 2138 loricam
685 2076 827 2138 exercuit
846 2079 1053 2153 artemtum
999 2075 1186 2156 umscripta
1200 2093 1258 2137 sua

150 2177 276 2260 publice
305 2178 470 2242 recitabat·
463 2184 576 2263 post
577 2199 626 2261 ea
657 2199 731 2242 cum
761 2178 905 2242 nondum
938 2179 1166 2260 consenuisset,
1203 2177 1258 2240 ali-

151 2282 318 2365 quamdiu,
349 2285 418 2347 sine
445 2284 539 2347 dubio
566 2303 624 2367 per
651 2285 830 2368 complures
853 2304 966 2367 annos,
987 2285 1112 2366 scripta
1133 2283 1258 2367 publice

151 2389 283 2450 recitare
307 2388 442 2468 destitit3
473 2372 542 2453 tum
564 2409 653 2473 vero,
684 2410 782 2454 senex
805 2390 920 2472 factus,
950 2408 986 2452 eo
1010 2394 1163 2471 tempore,
1195 2407 1257 2470 quo

150 2492 325 2556 Herculem
349 2495 488 2577 scripsit,
512 2495 615 2558 denuo
639 2497 672 2558 in
695 2495 865 2578 publicum¹
880 2495 1023 2578 prodidi

152 2701 245 2782 paulo
264 2708 337 2765 ante
356 2704 596 2787 conscripserat,
616 2704 855 2787 praefationem,
876 2723 957 2788 quae
972 2698 1131 2789 Ἡρακλῆς
1149 2705 1259 2766 inscri-

152 2804 248 2888 bitur,
271 2808 432 2890 excepisse
454 2808 590 2891 videtur,
613 2828 688 2872 non
713 2808 948 2872 declamatio,

238 2908 366 2974 Dixerit
393 2911 525 2976 forsitan
552 2915 722 2997 quispiam:
751 2916 778 2977 si
803 2915 861 2977 hae
883 2914 1092 2996 praefationes
1114 2934 1133 2975 a
1154 2914 1259 2976 rheto-

151 3013 241 3078 ribus
263 3017 484 3098 prolusionum
505 3019 574 3082 loco
597 3018 722 3082 habitae
744 3021 822 3101 sint,
850 3020 936 3103 quod
959 3039 976 3082 o
998 3019 1095 3082 Plinii
1117 3020 1259 3102 epistulis

67 3199 69 3202 Ι
151 3121 361 3204 cognoscitur,
385 3141 437 3185 eas
461 3143 590 3206 quoque
610 3123 865 3207 declamationes,
890 3123 1080 3207 quibuscum
1096 3125 1259 3207 copulatae

240 3378 267 3444 1)
289 3379 322 3433 cf.
341 3365 390 3434 Bis
408 3382 506 3435 Aecus
527 3400 549 3436 c.
564 3382 605 3437 28.
634 3383 734 3438 Piscat.
753 3402 775 3439 c.
789 3383 830 3439 26.
858 3385 968 3455 Apolog.
988 3402 1010 3439 ο.
1024 3384 1048 3437 3.
1074 3382 1162 3437 Pnom.
1183 3398 1212 3435 es
1229 3381 1259 3434 in

87 3483 90 3491 ’
152 3465 225 3518 verb.
247 3483 270 3520 c.
289 3465 313 3519 2.

240 3553 265 3620 2)
292 3553 406 3624 Saepius
429 3556 545 3626 simplex
571 3558 735 3613 ‘duratam’
765 3575 811 3628 pro
842 3561 1080 3615 ‘inedstxvvoum’
1104 3563 1259 3630 usurpatur,

153 3639 186 3691 of.
209 3641 285 3710 Apol.
310 3659 332 3696 c.
352 3644 399 3697 13:
429 3645 473 3696 ‘cd
496 3647 667 3716 σύγγραμμα
690 3650 736 3700 καὶ
760 3649 790 3702 ἓν
812 3651 905 3718 πολλῷ
928 3651 1029 3716 πλήθει.
1053 3649 1181 3720 δειχθέν]
1220 3650 1259 3705 Of.

151 3726 250 3782 Herod.
270 3745 292 3782 c.
313 3730 337 3783 7.
375 3730 502 3785 Harmon.
523 3750 545 3786 c.
563 3733 588 3786 3.
624 3733 697 3803 Scyt.
717 3736 846 3791 c.10.al.
1322 3732 1323 3735 ¹

241 3816 269 3884 3)
293 3816 336 3870 Ne
360 3818 422 3885 quis
447 3835 461 3872 o
484 3820 615 3874 vocabulo
639 3817 709 3890 quod
732 3826 774 3878 ost
803 3824 915 3876 ‘adim‘
943 3825 1089 3894 quidquam
1112 3824 1261 3894 concludat,

151 3903 250 3972 quippe
271 3905 342 3972 quod
360 3921 395 3958 ex
413 3909 541 3961 contextu
558 3909 702 3963 verborum
719 3927 797 3965 onme
809 3913 865 3965 fere
877 3914 1006 3981 temporis
1019 3914 1136 3983 spatium
1150 3933 1261 3985 aparva

151 3989 206 4043 diei
224 3991 358 4059 particula
376 3993 409 4046 ad
427 3993 535 4064 longam
554 3997 723 4052 saeculorum
740 4000 837 4054 seriem
856 4001 1008 4071 significare
1025 4006 1125 4072 possit3
1144 4021 1167 4058 e.
1185 4023 1207 4060 c.
1226 4005 1259 4059 ci.

149 4075 215 4132 Luc.
233 4077 301 4133 lim.
315 4077 350 4132 58
368 4080 414 4134 vel
432 4081 526 4165 loxar.
539 4083 574 4138 30
592 4101 654 4138 cum
672 4086 787 4141 1111136
805 4088 850 4141 vel
869 4087 946 4144 Char.
960 4091 984 4145 9.

1046 4181 1087 4247 111
