2820 4606
506 181 720 238 „33-

48 356 173 436 Itaque
194 353 296 416 facere
317 370 382 413 non
404 370 547 432 possum,
578 350 655 433 quin
683 349 787 411 omnia
809 368 859 431 ea,
891 369 972 432 quae
995 356 1070 414 sunt
1091 358 1162 434 post

50 456 85 523 ἐν
119 441 139 543 ᾗ
170 476 273 541 usque
305 455 345 518 ad
373 476 402 518 r.
437 448 599 540 ἱερομηνίᾳ
631 473 687 537 pro
719 453 961 536 interpolatione
994 453 1162 520 Christiani

50 565 202 628 cuiusvis
236 560 375 624 habeam.
426 558 539 642 Neque
573 560 657 621 enim
690 558 851 641 probabile
884 564 944 641 est,
978 559 1163 647 Lucianum,

52 669 207 753 quamvis
229 665 462 748 superstitionis
484 663 594 727 irrisor
615 663 725 744 trierit,
746 667 908 745 tantopere
930 665 1080 729 miratum
1096 687 1164 732 esse

51 776 140 838 hanc
162 771 362 854 religionem,
396 788 468 831 cum
491 769 585 831 etiam
607 766 691 850 apud
714 766 850 831 Graecos
873 770 1049 851 antiquitus
1072 775 1165 837 certis

52 877 172 942 diebus
202 875 236 938 di
263 875 402 937 maxime
431 873 621 954 colerentur,
651 877 689 934 ut
717 871 771 934 tali
797 873 843 935 rei
866 873 1007 938 arridens
1029 875 1163 940 diceret:

56 977 319 1045 ‘aestimationi
342 976 416 1052 τοὺς
437 975 535 1051 θεοὺς
558 973 591 1038 ἐν
612 971 714 1061 ἑννείνςη
735 974 875 1056 μάλιστα
901 986 941 1064 τῇ
965 974 1066 1066 ἡμέρᾳ
1089 1004 1165 1069 χρη-

58 1080 205 1169 ματίζειν
226 1086 296 1159 τοῖς
316 1078 514 1161 εὐχομένοις]
550 1081 639 1145 Haec
658 1083 692 1144 ni
711 1082 803 1145 fallor
824 1101 866 1145 ex
886 1082 1063 1149 Christiana
1081 1090 1165 1171 cogi-

59 1192 178 1255 tatione
209 1192 323 1252 exorta
353 1191 443 1249 sunt:
476 1185 561 1268 quod
592 1205 628 1248 eo
658 1188 727 1249 reri
757 1187 892 1251 similius
922 1195 981 1270 est,
1013 1191 1087 1271 quia
1113 1193 1166 1256 ille

62 1296 140 1380 dies,
174 1295 231 1376 qui
260 1292 421 1354 ‘votorum
443 1289 654 1373 nuncupatio’
677 1289 862 1373 vocabatur,
892 1312 995 1376 usque
1025 1294 1066 1357 ad
1092 1296 1165 1360 VII.

64 1418 137 1463 saec.
161 1418 192 1482 p.
217 1396 273 1460 ch.
298 1394 473 1459 celebratus
495 1396 568 1459 est.¹
604 1393 726 1458 Deinde
748 1395 808 1457 hoc
830 1398 1031 1461 enuntiatum
1051 1400 1168 1464 recedit

60 1501 257 1567 ascribendi
275 1519 338 1564 usu
355 1498 521 1580 Luciane0,
544 1499 629 1582 quod
652 1498 692 1562 ad
714 1518 823 1562 vocem
842 1493 994 1581 Ῥωμαῖοι
1017 1505 1168 1568 articulus

56 1607 195 1672 additur.
241 1604 455 1670 Statuendum
479 1596 562 1667 enim
584 1608 645 1686 est,
675 1604 851 1668 rhetores
877 1625 1034 1688 graecos
1055 1607 1167 1672 Lucia-

57 1733 144 1778 neae
172 1713 283 1777 aetatis
314 1731 343 1775 r.
367 1703 518 1790 Ῥωμαῖοι
551 1710 618 1774 sine
645 1710 776 1772 articado
801 1713 987 1794 usurpare.²
1030 1713 1168 1798 Ideoque

65 1839 87 1880 a
105 1816 257 1900 Luciano,
279 1852 321 1860 ·-
349 1814 581 1877 Macrobiorum
610 1815 639 1877 si
668 1814 821 1877 rationem
851 1834 917 1877 non
946 1817 1099 1881 habemus
1129 1859 1166 1865 —-

71 1938 196 2003 semper
221 1919 370 1984 articulus
400 1919 556 1982 omittitur
584 1923 715 2001 excepto
742 1937 806 1980 uno
832 1918 913 2001 loco,
941 1920 1038 2005 Imag.
1070 1943 1095 1988 c.
1120 1925 1169 2003 17,

72 2023 131 2087 nbi
150 2023 295 2087 articulus
318 2023 409 2085 ‘aar'
431 2024 464 2085 in
489 2022 569 2084 ‘rev'
593 2022 764 2086 mutandus
788 2022 939 2087 videtur.³

66 2197 101 2251 de
123 2195 238 2251 saltandi
264 2198 322 2251 arte
345 2195 465 2263 undique
492 2194 604 2249 collecta
629 2198 703 2263 sunt,
727 2212 837 2250 romana
859 2212 969 2263 prorsus
992 2200 1171 2265 praetermitti

60 2300 116 2338 non
134 2286 290 2353 potuerunt
327 2282 421 2351 Itaque
447 2299 499 2336 non
521 2283 722 2351 interrumpunt
739 2283 787 2337 illa
805 2283 890 2338 verba
906 2286 1098 2354 narrationem,
1123 2288 1170 2341 sed

62 2372 206 2441 complent.
236 2370 363 2425 Ceterum
380 2371 447 2424 haec
467 2386 572 2438 quoquo
591 2387 608 2426 a
626 2387 782 2440 graecarum
799 2387 890 2425 rerum
908 2373 1037 2428 memoria
1054 2375 1172 2441 profecta

63 2475 122 2513 asse
145 2461 275 2529 possunt,
304 2459 338 2511 cf.
358 2456 479 2525 Lobeck,
498 2457 628 2526 Aglaoph.
647 2458 675 2511 H
694 2475 719 2526 p.
736 2457 811 2511 1292.
833 2491 865 2496 —
892 2460 929 2511 At
951 2459 1012 2513 aliis
1031 2461 1171 2516 decausis

66 2544 140 2599 illum
152 2544 280 2599 libellum
292 2546 325 2598 de
338 2545 397 2600 salt
409 2544 555 2614 genuinum
569 2560 628 2598 esse
639 2561 701 2598 cum
710 2545 831 2600 Bekkero
842 2545 1014 2600 Schmiedero
1023 2547 1080 2600 Frit
1068 2548 1171 2601 tzsehio

67 2648 115 2687 non
131 2635 210 2702 puto.

149 2720 178 2786 1)
199 2718 234 2773 cf.
253 2717 427 2772 Mommsen
420 2736 450 2771 111
467 2719 527 2772 Ber.
547 2721 571 2772 d.
591 2720 678 2773 stichs.
698 2719 759 2774 Ges.
779 2722 803 2773 d.
818 2721 902 2774 Wiss
922 2719 990 2774 1850
1008 2739 1034 2789 p.
1047 2721 1089 2775 66.

150 2806 179 2874 2)
198 2805 295 2873 Itaque
314 2804 424 2860 Cassius
443 2806 521 2860 Dio
513 2824 543 2859 1n
564 2808 757 2861 narratione
781 2808 948 2863 historica
970 2824 1075 2876 semper
1099 2810 1175 2864 addit

68 2892 213 2948 articulum
236 2893 271 2947 ad
288 2910 313 2945 v.
332 2887 475 2962 Ῥωμαῖοι,
499 2893 562 2959 (nisi
580 2895 762 2962 praedicative
780 2897 827 2948 aut
843 2895 971 2962 partitive
989 2896 1120 2966 ponitur),
1144 2897 1174 2950 in

69 2980 278 3036 orationibus
302 2982 394 3035 contra
411 2981 521 3034 insertis
539 2982 678 3050 opprimit,
703 2981 757 3035 nisi
774 2985 805 3034 ut
825 2982 933 3050 gravior
950 2982 997 3037 fiat
1016 2983 1114 3052 oratio,
1141 2986 1174 3038 ct.

70 3067 112 3137 52,
130 3067 163 3122 9:
189 3068 269 3135 ἡμεῖς
288 3068 342 3136 γὰρ
361 3069 451 3129 αὐτοὶ,
478 3070 506 3120 οἱ
524 3063 666 3137 Ῥωμαῖοι,
691 3071 718 3121 ot
706 3067 778 3136 t,38
797 3068 845 3121 43:
873 3066 922 3122 τὸν
940 3069 1104 3124 ἀνθύπατον
1122 3078 1176 3124 τῶν

69 3147 217 3221 Ῥωμαίων,
240 3155 289 3206 aut
306 3155 468 3208 necessitate
486 3157 594 3209 coactus
613 3156 800 3224 grammatica,
828 3154 870 3216 38
888 3154 933 3208 38:
959 3158 988 3208 οἱ
1002 3157 1073 3225 μετὰ
1090 3166 1175 3208 τοῦτο

71 3234 208 3309 Ρωμαῖοι,
228 3239 314 3308 53,;8
333 3241 397 3300 τοὺς
414 3242 499 3293 πάλαι
517 3237 728 3309 Ῥωπμαίους
696 3242 805 3295 —Nec
818 3258 883 3296 vero
896 3243 1057 3296 lnArrstlde
1069 3243 1175 3297 rhetore

76 3327 199 3393 nticulus
224 3343 288 3381 cum
311 3345 337 3381 v.
360 3323 488 3398 Ρωμαῖοι
513 3344 629 3397 usquam
650 3329 824 3399 coniungitur
846 3346 933 3398 neque
950 3329 979 3382 in
998 3329 1174 3384 Philostrato:

78 3428 130 3468 ram
149 3429 203 3483 quo
221 3431 275 3469 uno
293 3414 351 3468 loco
370 3418 459 3470 exstat
475 3416 505 3467 in
523 3416 570 3469 vit.
589 3415 677 3483 Apoll.
691 3414 716 3484 8,
733 3415 775 3484 27,
794 3416 911 3485 epistula
928 3415 1034 3470 Nervae
1052 3416 1175 3470 refertur.

77 3497 103 3553 ln
117 3501 238 3556 Maximo
257 3502 336 3570 Tyrio
354 3520 381 3556 v.
402 3498 530 3572 Ῥωμαῖοι
552 3503 659 3557 omnino
677 3519 731 3557 non
749 3504 896 3558 invenitur.
933 3503 1035 3558 Ceteris
1055 3504 1176 3573 gentium

77 3588 224 3643 nominibus
244 3592 272 3642 et
286 3606 302 3643 a
314 3588 434 3644 Luciano
454 3593 480 3643 et
498 3590 531 3645 ab
549 3590 611 3644 aliis
631 3590 762 3646 articulus
780 3593 859 3647 modo
877 3590 985 3645 additur
1003 3591 1080 3645 modo
1097 3592 1177 3646 omit·

158 3762 185 3828 3)
206 3762 288 3817 verba
306 3765 383 3816 sunt:
404 3764 436 3815 οὐ
454 3763 508 3833 γὰρ
527 3767 590 3817 ἴσον
610 3765 673 3817 οὐδὲ
690 3766 771 3834 ἔγγὺς
783 3759 936 3830 Ἀθηναίων
949 3766 965 3829 ἡ
977 3764 1039 3817 τότε
1052 3767 1178 3818 πολιτεία

78 3850 118 3898 καὶ
136 3850 152 3914 ἡ
171 3857 300 3918 παροῦσα
319 3856 383 3902 τῶν
397 3844 538 3917 Ῥωμαίων
557 3851 681 3922 δύναμις.
698 3883 731 3890 -
750 3851 787 3905 Of.
807 3849 890 3918 [Luc]
909 3850 1048 3904 Demosth.
1061 3868 1118 3905 eno.
1130 3852 1177 3904 43:

78 3934 335 4004 raparationem.
372 3936 448 3990 Alios
471 3936 544 3991 locos
563 3939 662 4005 quibus
683 3947 732 3991 νῦν
750 3937 858 3992 additur
881 3937 915 3991 ad
938 3955 964 3991 v.
984 3943 1110 4008 παρεῖναι
1131 3955 1178 3991 ex·

78 4020 148 4076 hibet
163 4022 246 4077 Henr.
265 4022 356 4091 Steph.
376 4023 428 4076 lex.

983 4120 1002 4177 3
