2820 4606
599 202 814 259 ‚29-

151 391 236 455 quac
263 373 342 454 quin
364 370 467 433 Roma
487 370 583 433 fucrit
604 388 668 431 non
692 368 824 432 dubium
847 376 909 453 ost,
936 373 1081 453 proximo
1104 372 1220 436 afuisse
1242 394 1260 435 a

148 477 236 559 loco,
264 494 329 558 quo
351 474 512 539 Lucienus
542 493 575 537 se
603 475 671 556 ipso
699 493 772 536 cum
803 476 902 537 amico
924 474 999 538 facit
1021 477 1259 559 colloquentem.

149 581 219 646 Cur
246 600 322 644 vero
352 581 421 644 ruri
442 578 603 642 Lucienus
625 580 756 661 viverit,
791 599 871 661 quae
893 581 972 643 ratio
995 582 1123 644 vivendi
1146 602 1165 644 a
1187 602 1262 646 con-

149 685 325 749 suetudine
355 684 567 766 sophistarum
595 682 749 746 mercedis
772 702 867 747 causa
888 685 923 747 in
944 685 1110 749 itineribus
1133 707 1261 751 vorsan-

149 792 234 854 tium
251 789 442 853 alienissima
456 787 529 870 fuit,
551 789 672 850 nescio:
699 788 762 850 nisi
777 787 889 851 affectu
907 790 1069 852 oculorum
1085 796 1261 856 commotus

150 900 208 958 est.
255 894 318 959 Sed
347 914 389 957 ne
417 894 585 956 minimum
612 892 741 975 quidem
773 913 868 956 usum
896 893 1034 957 Lucieno
1063 895 1161 959 fnisse
1189 916 1262 959 cum

151 1001 305 1083 quopiam
326 999 469 1062 Romano
493 1016 510 1061 e
533 997 667 1082 Nigrino
693 999 908 1081 cognoscitur:
941 1019 1013 1062 cum
1040 1007 1072 1063 et
1098 1000 1262 1084 Nigrinus,

152 1107 210 1188 qui
240 1104 317 1167 talia
345 1103 384 1166 de
412 1102 514 1166 Roma
543 1107 664 1187 narret,
694 1107 725 1165 ot
755 1104 902 1184 amicus,
921 1105 977 1187 qui
999 1104 1172 1168 maledictis
1194 1107 1263 1170 eius

152 1229 281 1274 summo
304 1208 419 1292 gaudio
440 1207 610 1290 afficiatur,
638 1207 854 1271 Romanorum
877 1228 982 1273 osores
1005 1229 1073 1273 seso
1096 1212 1263 1276 ostendant

154 1316 332 1378 acerrimos.
366 1311 488 1376 Deinde
511 1332 601 1394 voro,
626 1313 652 1376 si
675 1314 767 1376 modo
790 1314 870 1376 nihii
891 1333 1014 1396 eorum,
1037 1335 1118 1398 quae
1141 1335 1183 1379 ox
1204 1317 1263 1379 hoc

155 1419 279 1503 dialogo
302 1417 449 1481 concludi
469 1424 618 1501 possunt,
641 1419 850 1481 omittendum
866 1414 1001 1502 videtur,
1023 1439 1087 1482 non
1106 1421 1262 1505 intellego,

157 1545 219 1607 qua
253 1523 293 1586 de
327 1542 422 1586 causa
453 1522 608 1605 Nigrinus
639 1524 743 1585 omnia
777 1527 809 1586 ot
837 1525 872 1585 in
900 1525 961 1586 viis
992 1531 1023 1587 et
1053 1526 1088 1587 in
1118 1525 1264 1589 domibus

156 1627 372 1692 Romanorum
405 1626 518 1690 cotidie
549 1627 630 1690 facta
664 1627 803 1690 Lucieno
838 1631 1035 1711 exposuerit,
1072 1631 1099 1692 si
1131 1631 1183 1694 hic
1213 1651 1263 1695 res

159 1753 304 1796 romanas
327 1732 561 1814 aliquantulum
588 1733 709 1814 etipse
738 1734 800 1795 iam
826 1735 968 1817 cognitas
994 1734 1111 1797 habuit.
1158 1734 1263 1810 Quan-

162 1859 253 1921 quam
278 1837 355 1921 quid
377 1837 514 1920 loquor?
538 1836 611 1899 ficta
633 1856 701 1900 osse
723 1838 757 1899 in
779 1838 839 1900 hoc
861 1837 984 1922 dialogo
1008 1841 1127 1921 omnia,
1148 1840 1264 1923 quibus

160 1943 224 2006 loca
247 1949 279 2006 et
302 1947 443 2025 tempora
465 1948 497 2005 et
519 1943 662 2005 homines
685 1942 917 2025 describuntur,
939 1942 978 2006 ab
1002 1949 1142 2028 auctore,
1165 1946 1265 2009 Athe-

162 2049 320 2112 niensium
341 2048 537 2110 voluntatem
558 2049 712 2129 intuente,
735 2067 775 2110 ne
797 2049 831 2109 in
855 2067 888 2111 se
910 2049 977 2131 ipso
998 2049 1112 2134 odium,
1122 2051 1265 2113 maledici

163 2153 295 2216 hominis
317 2152 530 2234 contraheret,
554 2153 626 2234 quis
649 2157 709 2234 ost,
733 2154 811 2236 quin
832 2153 985 2215 videat?1
1012 2152 1074 2217 Sed
1097 2159 1134 2218 ut
1153 2155 1264 2219 Lucia-

162 2279 236 2322 num
265 2277 317 2321 res
344 2276 490 2320 romanas
519 2258 576 2339 ita,
606 2262 643 2319 ut
672 2258 707 2320 in
736 2257 868 2341 Nigrino
896 2277 949 2320 eas
975 2259 1133 2342 depinxit,
1159 2262 1265 2343 ipsum

163 2369 335 2449 compertas
365 2362 512 2426 habuisse
540 2363 666 2425 credere
696 2363 807 2447 velim,
840 2368 946 2427 tamon
968 2384 1169 2449 nequaquam
1191 2367 1266 2428 hinc

163 2469 302 2551 efficitur,
326 2487 400 2532 eum
419 2469 453 2530 in
472 2470 555 2531 vitae
577 2487 725 2531 romanae
743 2468 889 2532 funditus
911 2471 1142 2553 pernoscendae
1160 2471 1265 2534 studio

163 2572 238 2638 bene
272 2578 434 2638 versatum
466 2592 541 2636 esse.
599 2572 790 2656 Quicunque
819 2575 903 2636 enim
937 2574 1097 2658 dialogum
1130 2575 1168 2638 de
1202 2595 1265 2659 quo

164 2679 284 2762 egimus
306 2678 500 2741 considerate
522 2677 667 2761 perlegit,
689 2697 754 2740 non
777 2677 903 2761 dubito,
927 2680 1004 2761 quin
1020 2684 1146 2742 narrata
1161 2681 1267 2742 omnia

165 2782 330 2847 admodum
349 2783 462 2845 leviter
483 2783 647 2865 perstricta
669 2787 765 2864 atque
786 2782 952 2846 fervidiore
970 2785 1074 2846 animo
1091 2803 1186 2866 quam
1209 2805 1266 2869 pro

165 2889 293 2951 veritate
314 2889 350 2949 in
369 2886 497 2949 laudem
519 2886 718 2949 Athenarum
741 2906 893 2950 convorsa
914 2907 981 2951 esso
1003 2888 1161 2952 concedat.
1203 2890 1265 2953 Ite-

166 3011 223 3074 que
253 3012 318 3055 non
348 2996 411 3054 tam
442 2990 689 3054 ‘observatorem
713 2991 877 3055 subtilem'
905 2994 939 3054 in
963 2992 1096 3076 Nigrino
1120 2995 1267 3077 equidem

165 3097 252 3160 video
284 3117 381 3181 quam
409 3096 622 3159 cavillatorem
644 3096 946 3181 obtrectatoremque
967 3099 1182 3182 ingeniosum,
1211 3101 1267 3182 qui

165 3203 300 3286 singula,
331 3222 412 3285 quac
441 3202 480 3265 de
509 3202 678 3284 depravata
700 3201 829 3265 vivendi
854 3204 974 3266 rationo
995 3203 1210 3266 Romanorum
1232 3205 1266 3265 in

166 3309 305 3371 omnium
318 3309 470 3371 memoria
484 3309 674 3371 exstiterrmt
690 3312 785 3390 atque
801 3326 862 3390 ore,
881 3310 973 3391 quasi
987 3308 1107 3396 ubique
1123 3309 1267 3390 decerpta
1371 3336 1376 3345 ·

165 3413 287 3497 collegit
309 3417 405 3495 atque
427 3413 562 3475 Athenis
584 3414 751 3497 contrairi
773 3413 895 3475 caelum
918 3413 1007 3476 oletis
1029 3413 1208 3475 illustravit.

251 3515 334 3593 Quid
366 3517 467 3580 dicam
497 3517 535 3579 dc
564 3521 750 3600 argumento
780 3516 866 3600 quod
894 3517 1091 3582 Schwarzius
1118 3517 1267 3602 deinceps

166 3622 269 3686 attulit
297 3622 419 3686 verbis:
451 3622 522 3685 ‘dor
550 3624 586 3684 in
615 3621 697 3684 Rom
728 3623 786 3684 mit
818 3621 1076 3685 cinflussreichon
1106 3621 1268 3687 Staats-

166 3734 363 3791 mttnnern
386 3726 425 3811 (z.
441 3727 477 3790 B.
500 3727 694 3790 Rutillianus
716 3729 761 3789 im
782 3725 978 3811 Alexander)
1000 3727 1148 3790 verkohrt
1170 3728 1267 3791 hat’?

167 3831 368 3840 m.—

254 3882 281 3951 1)
299 3882 437 3938 Creisetus
461 3884 550 3936 tumen
575 3882 664 3936 onmia
687 3898 755 3951 quac
774 3883 802 3934 in
821 3882 934 3951 Nigrino
952 3883 1097 3935 narrantur
1115 3898 1180 3935 vora
1198 3882 1269 3936 facta

168 3984 225 4023 osse
246 3972 333 4039 putat,
360 3970 392 4024 cf.
417 3969 496 4023 Mem.
516 3971 549 4022 de
567 3969 670 4023 l'Acad.
689 3969 722 4022 de
740 3969 910 4038 Montpcllier
933 3973 951 4022 t.
970 3970 1010 4023 vl
1036 3969 1127 4038 (1878)
1151 3971 1178 4022 et
1200 3970 1229 4022 in
1250 3969 1267 4022 l.

168 4055 250 4111 llssai
261 4073 308 4112 sur
324 4058 428 4113 Lucion
448 4076 472 4127 p.
492 4058 509 4111 9
523 4075 596 4127 seqq.
