2820 4606
560 198 829 257 -47-.

110 373 245 453 absunt,
273 371 342 452 sed,
371 376 407 434 ut
436 370 489 432 illa
512 369 574 432 duo
597 370 715 451 priora,
743 370 777 431 in
801 369 1100 453 apophthegmatum
1121 370 1222 434 forma
1298 364 1302 369 ’

109 476 240 540 tradita.
283 474 499 538 inveniuntur
519 479 626 538 autem
647 473 741 535 haec:

181 581 219 643 fr.
241 579 324 644 XIV
347 579 396 643 m.
421 613 454 630 =
477 581 596 642 Anton.
630 599 659 662 p.
688 579 722 660 6,
749 579 799 641 23.
845 577 929 641 Max.
954 577 1001 661 H,
1024 581 1096 643 532.
1142 580 1222 644 Flor.

107 687 236 770 Lips.5
259 706 288 769 p.
306 687 355 748 12.
389 686 501 773 Arsen.
524 706 553 768 p.
580 685 640 747 191
664 681 725 767 (ed.
742 679 863 765 Walz):
889 682 963 758 τοὺς
984 694 1047 745 τῶν
1068 683 1224 765 σωμάτων

108 785 398 872 ἐπιμελουμένους,
426 782 545 851 ἑαυτῶν
568 784 603 850 δέ
627 784 819 868 ἀμελοῦντας
842 781 999 865 ὠνείδιζεν
1021 786 1064 864 ὡς
1083 792 1145 851 τῶν
1167 787 1224 871 μέν

109 890 213 960 οἴκων
234 890 517 975 ἐπιμελουμένους,
539 895 601 954 τῶν
624 888 659 955 δέ
682 886 810 954 ένοίνων
834 888 1034 972 ἀμελοῦντας.

179 1000 217 1065 fr.
238 998 321 1063 XVI
344 998 393 1062 Fr.
416 1031 451 1050 =
473 999 590 1060 Antan,
613 1017 642 1079 p.
665 998 714 1079 79,
734 997 783 1059 19.
817 995 902 1059 Max..
917 996 951 1059 Π
971 1016 1000 1079 p.
1019 998 1097 1062 563:
1125 1018 1223 1085 σοφι-

111 1113 195 1169 στοῦ
221 1124 310 1179 τινος
339 1097 528 1184 αἰτιωμένου
551 1098 646 1164 αὐτὸν
667 1097 721 1163 ναὶ
744 1096 904 1185 λέγοντος·
928 1100 983 1164 διὰ
1004 1096 1037 1165 τί
1059 1124 1096 1184 με
1119 1106 1224 1179 κακῶς

111 1205 310 1293 λέγεις,·“δ’τι
333 1208 376 1293 μὴ
398 1209 623 1293 ναταφρονεῖς,
647 1199 723 1293 ἔφη,
746 1214 805 1268 τοῦ
825 1209 931 1282 καλῶς
953 1203 1105 1291 λέγοντος.

180 1313 218 1377 fr.
234 1311 323 1375 XXI
340 1311 390 1375 m.
411 1345 444 1363 =
465 1311 532 1374 flor.
552 1310 634 1393 Lips.
657 1312 724 1393 p.4
745 1309 1013 1396 (Westermann):
1038 1306 1226 1394 αἰτιωμένου

113 1416 203 1493 τινὸς
219 1419 285 1479 τῶν
300 1409 434 1501 ἑταίρων
449 1412 543 1478 αὐτὸν
557 1412 611 1477 καὶ
628 1413 803 1501 φήσαντος·
828 1411 884 1477 οὐκ
901 1412 990 1501 έχρίμ
1006 1436 1042 1479 σε
1056 1427 1102 1500 τῷ
1117 1413 1224 1502 ἐχθρῷ

115 1543 179 1603 μου
201 1516 298 1608 φίλον
319 1510 418 1584 εἶναι·
451 1517 488 1582 σέ
509 1516 566 1601 μέν
590 1514 658 1599 cuv,
687 1513 764 1606 ἔφη,
796 1518 853 1582 οέα
875 1516 964 1605 ἐχρῆν
989 1532 1034 1605 τῷ
1056 1517 1141 1608 φίλῳ
1163 1545 1224 1602 μον

117 1623 237 1713 ἐχθρὸν
259 1615 352 1688 εἶναι.

205 1728 372 1795 Habemus
399 1730 498 1813 igitur
526 1730 668 1811 quinque
696 1729 972 1813 apophthegmata,
1005 1749 1086 1812 quae
1117 1750 1226 1812 quam-

128 1852 220 1915 quam
238 1826 357 1918 optime
379 1838 561 1917 congruunt
583 1852 656 1896 oum
679 1851 715 1895 eo
737 1831 944 1914 Demonacte,
968 1835 1024 1916 qui
1047 1854 1065 1896 a
1087 1832 1226 1897 Lucieno

134 1936 310 2003 descfihitur
332 1977 371 1984 -
393 1938 595 2001 conferantur
616 1956 689 2000 eum
712 1936 834 2000 verbis:
869 1934 938 1999 ‘hue
960 1936 1228 2022 καταγιγνώσκειν

131 2037 258 2123 ἐμαυτοῦ
278 2039 434 2129 ἦρξαίμνμ’
459 2062 508 2125 ea,
531 2062 613 2125 quae
636 2043 768 2105 suntin
794 2061 818 2105 e.
840 2044 875 2105 3:
909 2040 981 2103 ‘aa'
1003 2036 1123 2117 οἰκείας
1144 2041 1228 2127 πρὸς

125 2146 164 2209 τὰ
194 2146 276 2211 καλὰ
309 2145 406 2233 ὁρμῆς
439 2143 492 2210 καί
526 2142 666 2233 έμφέτοι·
701 2144 784 2230 ττρὸς
816 2140 1015 2232 φιλοσοφίαν
1045 2139 1163 2230 έρωτος
1192 2143 1228 2209 έα

119 2246 249 2315 παίδων
270 2247 488 2336 νειφομένας
511 2256 542 2314 et
565 2251 759 2314 Fritasohius
787 2250 825 2312 ad
854 2249 962 2334 fragm.
987 2249 1035 2313 IV
1060 2288 1096 2295 —
1122 2256 1228 2313 tamen
1267 2291 1271 2297 -

116 2358 152 2419 in
177 2354 320 2420 Lucieno
351 2357 420 2439 ipso
446 2375 511 2418 non
537 2356 657 2419 insunt.
702 2354 895 2417 Fritzsehius
922 2359 1040 2437 autem,
1072 2357 1128 2437 qui
1156 2360 1229 2438 post

118 2478 143 2525 e.
170 2462 211 2523 11
242 2480 390 2544 magnam
420 2460 579 2542 quandam
611 2460 757 2522 lacunam
787 2459 944 2541 permulta
973 2460 1116 2523 hausisse
1138 2466 1228 2543 putat

119 2562 167 2649 (11.
195 2585 225 2648 p.
248 2564 392 2649 XXVI),
422 2584 495 2627 oum
517 2564 612 2646 dieat,
639 2564 700 2627 aha
721 2564 867 2646 ‘severa',
893 2564 954 2626 alia
976 2564 1108 2626 ‘iocosa'
1131 2564 1228 2629 fuisse

122 2670 400 2753 apophthegmata,
440 2688 576 2751 quorum
610 2669 664 2731 illa
697 2668 827 2751 abrepta
847 2673 965 2731 essent
992 2668 1119 2751 lacuna,
1153 2669 1229 2732 haec

121 2776 268 2857 quinque
290 2774 568 2858 apophthegmata,
591 2773 630 2836 dc
654 2773 770 2856 quibus
793 2774 906 2857 agitur,
930 2790 970 2835 ex
992 2779 1099 2836 nostro
1122 2773 1228 2837 libello

116 2876 281 2943 Lucianeo
313 2880 436 2961 integro
468 2877 600 2941 fluxisse
630 2877 800 2941 arbitratus
829 2883 885 2941 est.
935 2876 996 2940 Sed
1019 2877 1079 2940 hoc
1100 2881 1229 2943 minime

119 2983 293 3047 verisimile
316 2983 457 3045 videtur:
489 2983 627 3065 primum
654 2983 739 3064 quod
768 2981 922 3046 Stobaeus
947 2980 1124 3046 Lucianum
1154 2986 1228 3047 seri-

117 3096 247 3171 ptorem
284 3088 412 3151 omnino
442 3106 507 3149 non
536 3088 639 3167 novit,
675 3086 788 3163 deinde
819 3086 904 3169 quod
935 3087 1061 3170 singula
1091 3088 1229 3151 ‘severa’

119 3193 389 3277 apophthegmata
411 3192 505 3255 etiam
527 3193 562 3253 in
586 3192 776 3254 ‘iocosorum
799 3195 831 3254 et
852 3192 1074 3255 amoenorum'
1098 3190 1230 3255 Lueiani

118 3316 257 3361 numero
274 3297 440 3380 teguntur,
464 3295 500 3360 ef.
525 3315 568 3359 co.
591 3297 641 3360 20.
659 3298 709 3359 32.
726 3297 776 3358 51.
794 3296 843 3358 59.
861 3296 911 3359 62.
957 3295 1103 3379 Denique
1123 3299 1228 3360 nescio

118 3423 164 3466 an
180 3403 257 3466 haec
275 3402 416 3485 quinque
432 3402 706 3485 apophthegmata,
726 3402 895 3484 praecipue
912 3401 997 3484 quod
1013 3421 1060 3484 ap.
1077 3400 1228 3466 Fritzsch.

118 3506 215 3573 xvi.
244 3512 307 3588 est,
337 3526 402 3569 non
435 3506 581 3570 ‘severis'
615 3506 690 3588 iliis,
728 3525 808 3589 quae
840 3507 1033 3570 Fhitzschius
1068 3506 1230 3589 deperdita

118 3612 239 3694 voluit,
279 3611 334 3674 sed
362 3612 467 3693 potius
503 3611 681 3693 amoenis,
720 3613 799 3693 sive,
840 3621 877 3674 ut
910 3629 1021 3694 graeca
1056 3609 1230 3675 adseiibam

119 3715 224 3781 verba
244 3715 391 3779 Luciani:
417 3719 501 3790 ίτοῖς
523 3713 679 3794 εὐστόχως
700 3737 736 3779 τε
759 3716 826 3796 ἅμα
847 3711 902 3778 καὶ
925 3707 1060 3789 ἀστείως
1081 3712 1229 3800 λελεγμέ-

119 3820 209 3895 νοις’
232 3819 272 3905 (c.
296 3820 351 3903 12)
382 3822 568 3903 apponenda
593 3821 720 3884 fuerint.
766 3819 879 3902 Neque
900 3821 999 3903 igitur
1020 3819 1230 3886 dubitandum

120 3929 188 4008 est,
216 3927 295 4007 quin
324 3925 400 3988 haee
424 3925 688 4008 apophthegmata
709 3944 751 3987 ex
774 3924 833 3986 alio
854 3923 991 4005 quodam
1012 3923 1098 3988 fonte
1120 3925 1232 3990 hausta

122 4031 198 4093 sint
