2820 4606
594 206 810 262 -41-

151 377 285 459 sophum
306 395 467 438 summum
493 379 588 457 atque
609 374 814 438 excellentem
834 395 976 458 unquam
1001 376 1062 439 sibi
1083 374 1255 437 occurrisse

149 486 259 566 negat:
282 500 356 564 ergo
379 481 529 563 quoniam
550 497 678 542 revera
701 474 773 560 βίον
789 478 1005 564 Δημώνααος
1025 479 1255 544 samosatensis

124 664 128 671 Ι
150 587 344 668 conscripsit,
367 584 593 649 Demonactem
615 583 721 647 fictam
743 603 811 648 esse
827 604 994 669 personam
1014 589 1144 668 oportet.
1191 581 1254 647 Sed

149 693 186 774 si,
209 690 295 774 quod
318 689 516 753 Schwarzius
537 691 605 771 ipse
627 688 821 772 confirmat,1
843 688 1004 753 Lucianus
1026 708 1092 752 non
1116 687 1177 752 sibi
1199 687 1254 751 sed

151 796 280 877 Cynicis
303 795 508 858 simulacrum
529 794 709 876 philosophi
736 793 844 877 finxit,
875 794 952 877 quid
981 795 1041 856 hoc
1064 793 1103 857 ad
1124 793 1258 857 Luoiani

148 899 249 985 ipsius
273 901 458 963 sententiam
480 899 518 963 de
541 919 665 962 summa
686 899 884 981 philosophia
906 898 1126 991 adipiscenda?

238 1004 385 1068 Ceterum
400 1005 570 1087 Nig1inum
587 1022 715 1087 quoque
736 1006 899 1088 egregium
920 1005 1021 1068 fuisse
1034 1002 1257 1087 philosophum

149 1110 318 1174 arbitratus
341 1114 388 1173 est
402 1107 575 1172 Luoianus:
599 1107 686 1191 quod
702 1109 779 1172 item
794 1115 904 1172 contra
918 1109 974 1172 illa
988 1107 1084 1172 verba
1105 1107 1196 1189 Apol.
1214 1106 1254 1167 15

148 1218 315 1297 repugnat.
368 1213 480 1296 Neque
507 1232 581 1276 cum
610 1213 821 1277 Wichmanno
857 1213 935 1277 haec
969 1212 1179 1296 repugnantia
1211 1210 1256 1272 ita

149 1320 229 1383 solvi
250 1323 369 1402 potest,
399 1323 436 1381 ut
457 1318 597 1382 dicamus
619 1318 791 1403 Nigrinum
815 1339 942 1403 quoque
969 1319 1075 1382 fictam
1096 1335 1163 1381 0000
1185 1335 1255 1398 per-

149 1445 276 1488 sonam:
293 1443 367 1486 nam
390 1424 449 1487 etsi
469 1424 529 1486 hoc
550 1443 662 1487 verum
681 1429 743 1506 est,
766 1423 927 1488 Luciacus
950 1422 1153 1487 hauddubie
1174 1421 1256 1485 1001-

148 1549 222 1614 pere
244 1530 348 1592 voluit
367 1530 469 1610 specie
484 1518 648 1611 1110101100,
670 1547 711 1591 00
730 1530 800 1612 ipse
823 1530 990 1613 castigator
1010 1528 1120 1611 populi
1134 1525 1257 1589 romani

150 1654 217 1699 esse
246 1635 416 1697 videretur.
460 1633 674 1697 Adiciendum
703 1635 801 1717 igitur
830 1639 898 1697 erat
925 1635 1047 1696 auctori
1074 1631 1194 1714 aliquid
1218 1628 1256 1692 de

150 1739 282 1823 Nigrino
305 1740 340 1800 in
355 1738 528 1822 Apologiae
548 1739 633 1801 loco:
663 1738 806 1802 simodo
833 1740 884 1802 hic
906 1742 938 1801 et
959 1737 1037 1801 tales
1066 1737 1127 1800 loci
1149 1735 1258 1800 Samo-

154 1845 282 1907 satensis
312 1843 474 1926 premendi
500 1849 582 1908 sunt.
626 1845 671 1907 At
695 1845 722 1907 si
752 1845 824 1927 quis
850 1843 1015 1906 nonnullis
1036 1841 1154 1923 verbis,
1183 1861 1256 1904 omn

156 1949 334 2030 praesertim
362 1967 492 2031 prorsus
526 1948 585 2011 alio
617 1954 757 2032 tompore
785 1949 902 2030 scripta
929 1949 1017 2030 sinis
1040 1951 1161 2010 tantam
1190 1946 1257 2007 vim

154 2052 320 2116 attribuere
347 2053 445 2136 volet,
472 2072 596 2136 semper
623 2056 659 2115 in
681 2052 956 2136 qualibuscunque
977 2053 1054 2116 locis
1082 2052 1179 2114 huius
1201 2071 1257 2113 au-

151 2159 242 2222 ctoris
268 2156 416 2221 haerebit.
463 2156 554 2221 Certo
577 2157 754 2240 Luoianus,
778 2158 804 2220 si
826 2175 922 2238 quem
944 2158 1011 2239 ipse
1040 2176 1201 2220 summum
1224 2173 1259 2217 ac

148 2261 321 2344 perfectum
345 2262 498 2324 iudicavit
519 2261 742 2345 philosophum
761 2261 880 2345 fingere
893 2262 1057 2343 voluisset,
1080 2279 1144 2322 non
1160 2259 1256 2341 Cyni-

148 2385 255 2429 corum
272 2366 455 2448 disciphnae
471 2370 673 2448 sectatorem,
697 2367 752 2430 001
767 2366 938 2430 cuiushbet
953 2367 1050 2448 alius,
1072 2365 1161 2429 volut
1182 2364 1257 2448 Epi-

152 2471 235 2552 curi,
256 2472 363 2553 potius
386 2471 609 2554 descripsisset.
655 2470 717 2535 Sed
739 2473 766 2534 01
781 2469 907 2553 Cynicis
930 2472 1066 2554 speciem
1087 2469 1257 2553 peffectarn

153 2575 312 2657 quandam
345 2575 456 2656 Cynici
491 2581 564 2639 ante
597 2575 705 2639 oculos
740 2594 858 2659 ponere
893 2575 1061 2657 voluisset,
1100 2574 1256 2658 quomodo

153 2681 333 2744 eclecticum
356 2679 505 2763 effingere
527 2681 642 2763 potuit,
674 2681 729 2763 qui
759 2700 953 2764 quamquam
979 2680 1076 2764 vulgo
1103 2680 1137 2741 10
1162 2678 1257 2760 Cyni-

152 2805 261 2848 corum
295 2805 427 2848 numero
461 2784 589 2848 habitus
631 2804 699 2848 0000
736 2784 879 2868 videtur,
924 2790 1030 2848 tamen
1064 2783 1257 2868 Peregrinus

152 2889 300 2973 Proteus,
323 2892 390 2972 ipse
413 2889 565 2973 Cynicus,
595 2890 624 2952 ei
647 2891 772 2953 crimini
793 2889 891 2972 dedit,
919 2889 1005 2973 quod
1029 2889 1169 2971 Cynicus
1191 2907 1257 2951 non

153 2996 253 3059 essct?
283 2994 321 3079 (c.
338 2994 401 3079 21.)
444 2996 554 3078 Atque
581 2995 702 3079 verbis,
738 3014 819 3079 quae
848 2996 882 3056 in
904 2997 969 3059 c.5
1000 2996 1113 3059 insunt
1140 2995 1258 3058 haeoa

153 3098 330 3164 Schwarzio
354 3120 410 3183 pro
433 3101 584 3184 genuinis
604 3100 724 3163 habita:
750 3093 965 3186 ίφιλοσοφίας
984 3095 1019 3162 da*
1042 3089 1129 3174 011ος
1148 3096 1203 3178 οὐχ
1224 3091 1258 3161 ἓν

152 3203 409 3285 ἀποτεμόμενος,
434 3202 515 3266 ἀλλὰ
537 3203 645 3268 πολλὰ
667 3201 700 3280 ἐς
722 3201 820 3268 vacco
842 3199 1020 3285 καταμίξας
1043 3199 1079 3267 od
1105 3200 1191 3266 πάνυ
1223 3225 1258 3265 τι

153 3305 314 3397 ἐξέφαινε,
348 3303 411 3371 τίνι
440 3305 542 3371 αὐτῶν
571 3301 694 3394 ἔχαιρεν
701 3309 725 3388 ,’
759 3310 831 3373 luce
859 3308 977 3372 clarius
1013 3308 1257 3391 demonstratur,

151 3434 255 3498 neque
284 3414 438 3495 Cynicum
473 3415 607 3496 proponi
636 3433 741 3497 neque
773 3415 872 3478 ullius
904 3414 1028 3478 scholae
1063 3416 1258 3495 sectatorem,

152 3551 355 3569 τ--

239 3619 266 3684 1)
284 3619 302 3673 1.
316 3636 338 3673 0.
362 3638 388 3688 p.
400 3621 463 3674 594:
490 3620 541 3674 ‘Er
558 3620 648 3676 wollte
672 3622 735 3676 aber
757 3621 828 3677 auch
847 3620 899 3674 den
916 3618 1057 3688 Kyniliern
1081 3616 1159 3670 nicht
1183 3615 1257 3669 scine

152 3706 264 3774 eigencn
282 3705 562 3776 Lebensgrundsatze,
587 3709 703 3762 sondern
726 3708 771 3761 ihr
788 3706 863 3762 Ideal
881 3703 1038 3760 vorstellen’
1064 3705 1091 3757 01
1115 3701 1257 3758 z‘Hcraus-

152 3795 286 3864 gefordert
318 3810 373 3848 von
401 3795 452 3847 den
475 3796 561 3849 durch
589 3795 632 3850 dic
664 3799 809 3865 Δραπέται
843 3794 1007 3863 neuerdings
1035 3792 1171 3864 gereizten
1200 3791 1257 3846 und

151 3882 313 3950 gehranhten
343 3881 639 3951 Scheinphilosophen,
667 3883 773 3938 welche
798 3883 858 3938 sich
882 3881 1005 3951 Kyniker
1029 3882 1162 3948 nannten‚
1188 3878 1258 3932 hielt

150 3967 233 4021 ihnen
251 3969 391 4023 Demonax
409 3969 457 4024 das
475 3969 550 4024 Ideal
569 3970 643 4024 01000
662 3969 798 4040 Kynihcrs
818 3974 960 4040 cntgcgcn:
988 3970 1045 4023 und
1069 3967 1127 4022 1100
1149 3967 1187 4021 101
1209 3966 1258 4019 101

152 4055 245 4111 Zweck
264 4057 311 4111 der
324 4056 440 4111 soum)
