2820 4606
621 186 838 244 ..50-

240 357 326 420 Max.
347 356 380 419 Π
401 376 430 438 p.
448 356 527 419 600:
550 348 699 438 ὑγιαίνων
719 359 806 418 νοσεῖ
829 366 896 432 πᾶς
915 352 1084 442 περίεργος
1099 356 1117 421 ὁ
1132 357 1174 420 τά
1189 355 1288 421 ἀλλό-

175 444 250 546 τρια
271 461 560 544 πολυπραγμονῶν.
1056 533 1060 539 ⁴

241 565 326 630 Max.
342 565 376 627 Il
399 585 428 647 p.
446 565 524 627 614:
549 563 598 626 δεῖ
621 564 733 649 ὥσπερ
752 560 884 651 φορτίον
901 565 955 652 την
969 564 1072 652 λάπην
1087 562 1289 648 ἀναθέμενον

175 669 219 757 μὴ
242 665 391 733 στένοντα
413 665 532 756 φέρειν.

241 775 327 837 Max.
350 774 384 837 Π
413 795 443 857 p.
467 774 545 835 652:
584 774 652 848 τοῖς
674 765 931 858 Ἀσκληπιάδαις
967 770 1082 856 μείζων
1121 769 1288 862 ὀφείλεται

173 878 265 965 χάρις
287 873 498 963 ἐπερχομένην
520 873 747 940 ἀναστέλλουσι
770 874 863 941 νόσον
884 878 1175 964 ἢπαραπεσοῦσαν
1190 874 1289 943 ἰασα-

175 980 297 1066 μένοις,
326 991 384 1045 τοῦ
412 981 472 1066 χάρ
500 978 711 1066 ἀπηλλάχθαι
737 991 838 1045 κακοῦ
864 982 902 1046 τὸ
925 984 968 1069 μὴ
990 981 1127 1063 πάσχειν
1150 978 1288 1070 αἱρετώ-

176 1109 274 1172 τερον.

263 1192 373 1255 Restat
401 1191 614 1273 fragmentum
646 1211 665 1253 a
693 1191 934 1255 Waohsmuthio
964 1193 983 1255 l.
1014 1212 1038 1255 o.
1073 1213 1103 1276 p.
1132 1193 1194 1256 130
1231 1211 1288 1256 ex-

176 1299 329 1380 scriptum
352 1315 394 1359 ex
415 1295 542 1358 Melissa
564 1296 768 1379 Augustana,
791 1299 935 1360 nondum
954 1297 1051 1380 edita,
1073 1299 1107 1359 in
1124 1318 1189 1379 qua
1203 1317 1288 1360 com-

175 1403 267 1486 plura
286 1402 389 1464 adhuc
403 1402 565 1483 incognita
579 1400 782 1465 Demonaotis
797 1402 973 1485 fragmenta
987 1403 1090 1466 inesse
1106 1401 1287 1466 confirmat:

176 1501 206 1570 οἳ
232 1504 405 1590 άνξλριοποι
427 1503 549 1590 τάφους
570 1502 628 1585 μὲν
649 1504 922 1584 κατασκευάζουσι
944 1503 998 1568 καί
1017 1503 1154 1593 ἐντάφια
1175 1506 1288 1593 ὥσπερ

47 1671 48 1675 ,
162 1608 342 1692 μέλλοντες
356 1605 465 1683 αότοῖς
478 1606 679 1693 χρήσασθαι·
706 1605 847 1697 ἀφοβίαν
863 1609 898 1674 δὲ
913 1608 969 1674 καί
984 1605 1124 1673 ἀλυπίαν
1138 1612 1194 1698 την
1210 1608 1289 1696 περὶ

175 1725 233 1794 τοῦ
255 1712 409 1792 θανάτου,
434 1696 654 1797 ᾗχρήσονιαι,
678 1711 714 1776 ori
737 1713 1046 1799 παρασκευάζονται.

263 1819 325 1882 His
349 1818 496 1881 omnibus
515 1819 592 1881 locis
607 1818 782 1882 adscribam
796 1840 912 1902 unum,
937 1821 993 1903 qui
1009 1821 1067 1883 etsi
1082 1819 1142 1883 sub
1157 1821 1288 1885 nomine

176 1924 379 1988 Demonactis
407 1923 543 1986 traditus
571 1942 637 1985 non
665 1928 725 2005 est,
754 1929 860 1987 tamen
889 1925 985 1986 huius
1011 1923 1191 2006 philosophi
1219 1944 1288 1989 esse

176 2009 331 2093 emistimo
368 2027 533 2112 Leguntur
552 2029 637 2089 enim
655 2029 689 2090 in
705 2028 848 2112 Georgid.
865 2028 930 2092 ood.
945 2026 1037 2090 Laur.
1053 2027 1106 2090 fol.
1123 2028 1177 2090 61r
1193 2029 1286 2093 haee:

176 2131 289 2210 κόλαζε
310 2129 405 2215 χωρίς
429 2129 521 2216 ἀρχῆς
540 2131 595 2194 τὸν
615 2130 845 2216 ἁμαρτάνοντα,
868 2131 1074 2217 κηδεμονικὴν
1088 2128 1286 2213 νουθέτεσιν,

177 2235 258 2300 ἀλλά
280 2237 323 2322 μὴ
347 2236 503 2322 σκυθικὴν
522 2231 684 2323 ἐμφαίνων
703 2235 860 2322 ὠμότητα.
896 2236 1025 2300 Lemma
1040 2242 1088 2300 ost
1103 2237 1286 2319 adpositum

175 2338 414 2427 Δημοκράτους.
466 2340 538 2403 Ηοο
566 2360 683 2403 nomen
699 2341 826 2404 'falsum
854 2359 922 2404 esse
953 2341 1149 2404 Fritzschius
1178 2341 1242 2424 111,
1265 2344 1285 2404 2

175 2468 204 2531 p.
227 2446 312 2510 XIX
336 2450 367 2508 et
388 2444 526 2508 Cobetus
548 2445 587 2506 V.
612 2444 645 2507 L.
677 2466 705 2528 p.
731 2446 770 2508 13
801 2445 1106 2509 demonstraverunt.
1152 2446 1286 2510 Waohs-

176 2551 319 2613 muthius
342 2551 441 2632 igitur
461 2549 548 2610 huno
569 2549 674 2611 locum
696 2551 731 2611 in
752 2549 990 2633 gnomologium
1013 2545 1048 2612 ἐκ
1069 2561 1132 2612 τῶν
1153 2552 1186 2614 Δ
1192 2573 1285 2636 ημο-

176 2648 310 2739 κρίτου
338 2647 536 2738 Ἰσοκράτους
561 2645 751 2739 Ἐπικτήτου
781 2656 911 2738 recepit,
943 2655 980 2717 of.
1003 2675 1033 2737 p.
1055 2656 1117 2727 206
1140 2675 1188 2718 nr,
1213 2657 1286 2719 258.

177 2758 239 2822 Sed
261 2758 454 2822 Fritzschius
477 2758 496 2821 l.
521 2778 545 2820 o.
569 2763 668 2821 reete:
700 2759 826 2842 ‘Neque
850 2759 988 2823 dubitari
1010 2759 1140 2842 potest',
1170 2761 1286 2843 inquit,

176 2863 270 2946 ‘quin
292 2882 348 2945 pro
372 2859 583 2948 Δημοκράτης
605 2882 697 2946 saepe
720 2860 923 2949 Δημόκριτος
946 2864 1167 2947 corrigendum
1193 2866 1235 2927 sit
1259 2915 1285 2928 ..

176 2971 315 3030 attamen
337 2968 372 3028 in
394 2967 453 3030 hoc
476 2987 539 3030 uno
562 2987 627 3029 non
650 2972 726 3031 sunt
750 2969 863 3030 omnia.
896 2970 992 3030 immo
1015 2969 1075 3031 alia
1097 2969 1177 3031 nihil
1200 2970 1288 3032 olent

176 3090 193 3133 o
217 3070 438 3153 Democriteis,
462 3072 523 3134 alia
539 3071 721 3135 Democrito
745 3071 819 3134 dare
838 3091 879 3135 ne
899 3091 956 3155 per
971 3072 1141 3136 dialectum
1157 3074 1286 3155 quidem

175 3175 276 3257 licet’‚
299 3179 331 3237 et
353 3195 382 3257 p.
405 3174 520 3238 XVII:
545 3175 691 3238 ‘nomina
710 3174 872 3261 Δημῶναξ
891 3173 1101 3261 Δημοκράτης
1120 3174 1285 3261 Δημόκρι-

176 3300 230 3354 τος
248 3275 438 3365 Δημόφιλος
461 3281 587 3362 saepius
610 3280 741 3344 confusa
762 3280 858 3345 sunt!
893 3279 984 3356 Quod
1007 3301 1104 3364 supra
1120 3282 1183 3343 iam
1204 3283 1286 3345 vidi-

175 3403 248 3446 mus
272 3384 421 3466 quodque
444 3402 480 3446 eo
502 3383 617 3446 clarius
639 3383 688 3465 fit,
719 3386 747 3447 si
774 3386 1027 3467 comparavimus
1049 3384 1171 3448 codices
1194 3405 1286 3470 saepe

175 3489 209 3549 in
236 3488 383 3550 lemmate
413 3483 613 3571 ‘Arprovo'rau’
644 3487 831 3570 scribentes,
865 3488 951 3571 quod
977 3508 996 3551 a
1024 3486 1226 3573 ‘Appoapoiu'
1255 3496 1287 3555 et

177 3586 374 3676 ‘Appoaplu'
404 3592 456 3654 vel
486 3592 615 3653 minime
647 3591 757 3654 differt.
816 3592 929 3674 ltaque
959 3593 1016 3652 vix
1044 3592 1132 3674 licet,
1162 3612 1287 3676 semper
1312 3666 1315 3677 Ι

176 3693 387 3782 Δημοκράτης
420 3697 488 3759 sine
521 3694 588 3758 ulla
621 3694 819 3759 dubitatione
852 3700 976 3758 mutare
1005 3697 1040 3758 in
1072 3693 1284 3782 Δημόκριτος,

177 3799 231 3861 sed
262 3818 376 3882 gnomo
405 3801 475 3883 ipsa
505 3798 700 3882 respicienda
731 3804 786 3862 est.
831 3800 948 3863 Noster
976 3806 1080 3863 autem
1107 3801 1286 3866 locustam

175 3902 256 3965 bene
285 3904 509 3985 comprobatur
538 3905 597 3984 eis,
636 3922 717 3986 quae
749 3904 834 3986 apud
863 3886 1038 3967 Lucianum
1069 3906 1221 3993 leguntur
1250 3909 1285 3971 in

177 4027 201 4072 ο.
224 4009 251 4093 7,
273 4013 311 4073 ut
334 4027 406 4073 eum
429 4008 632 4075 Demonaotis
657 4026 725 4073 esse
748 4009 881 4073 credam.
