2820 4606
591 246 809 303 ...11-

147 437 234 500 nam,
266 419 292 480 si
319 421 403 480 recte
426 436 494 479 eam
516 418 716 498 interpretati
743 436 867 498 sumus,
896 435 990 499 porro
1013 415 1087 479 inde
1109 415 1252 496 efficitur,

146 521 324 586 Lucianum
345 541 402 606 per
424 526 528 586 tetum
547 541 668 585 annum
691 523 817 586 omnino
841 523 1025 586 tacuisse:
1051 523 1133 585 sicut
1152 539 1252 602 senes,

147 629 211 709 die,
235 647 298 711 quo
320 627 441 691 efonte
461 626 559 690 Sileni
576 626 778 710 hauriebant,
799 633 940 710 peracto,
963 629 1069 690 statim
1083 629 1118 689 in
1133 647 1253 690 annum

145 733 329 816 proximum
359 732 589 795 obmutescunt.
635 733 743 815 Atque
773 733 849 816 quia
875 732 929 795 ille
959 731 1038 813 dies,
1071 750 1134 814 quo
1161 749 1253 794 senes

145 838 293 920 loquaces
312 836 408 918 fiunt,
428 837 663 900 anniversarius
684 840 751 899 erat
773 836 858 919 apud
877 836 1004 918 Indos,1
1026 837 1120 900 etiam
1140 835 1252 900 Lucia-

146 962 226 1005 num
248 943 461 1005 anniversarie
485 961 523 1004 ac
543 941 623 1005 festo
645 943 680 1003 ni
701 941 791 1004 fallor
814 941 864 1004 die
888 979 929 986 —
952 943 1059 1005 nescio
1081 962 1122 1004 an
1145 945 1253 1004 aucto·

147 1049 239 1110 ritate
261 1046 397 1130 quadam
422 1050 586 1109 evocatum
606 1082 645 1090 -
665 1047 699 1107 in
720 1044 885 1128 publicum
906 1045 1060 1128 prodiisse
1081 1047 1160 1108 mihi
1182 1063 1252 1128 per-

148 1172 276 1216 suasum
299 1156 355 1215 est.

233 1256 329 1319 Nunc
351 1256 479 1319 demum
501 1255 654 1337 vidimus,
685 1257 804 1339 omnia,
835 1275 917 1339 quae
943 1256 982 1320 de
1004 1255 1142 1319 secunda
1163 1274 1252 1339 pere-

145 1362 323 1446 grinatione
359 1360 492 1425 Luciani
529 1362 678 1424 alucinati
714 1366 790 1425 sunt
825 1363 886 1423 viri
920 1361 1019 1443 docti,
1059 1380 1117 1444 pro
1153 1361 1253 1424 nihilo

145 1466 358 1529 existimanda
380 1484 457 1529 esse.
502 1464 551 1528 De
579 1465 702 1529 duabus
731 1471 858 1530 tantum
879 1457 1117 1529 recitationibus
1140 1467 1253 1549 agitur,

146 1591 283 1653 quarum
310 1573 490 1654 posteriori,
520 1573 678 1634 Verarum
704 1558 920 1636 Historiarum
944 1571 1060 1634 iibrum
1088 1571 1130 1634 Π.
1154 1572 1253 1663 conti-

144 1679 249 1760 nenti,
278 1677 430 1740 Bacchus
451 1697 577 1742 annexa
607 1683 674 1742 erat
703 1677 868 1762 praefatio:
899 1679 1049 1760 priorem,
1072 1676 1145 1740 Ver.
1169 1677 1252 1740 Hist

144 1782 261 1846 librum
294 1783 318 1846 I.
354 1785 583 1866 continentem,
625 1803 698 1847 cum
735 1782 941 1866 praefatione,
980 1790 1067 1866 quae'
1096 1781 1253 1845 Hercules

145 1893 286 1968 vocatur,
317 1889 518 1951 coniunctam
547 1889 645 1952 fuisse
674 1890 742 1951 veri
772 1888 968 1951 simillimum
999 1892 1056 1974 est.
1101 1886 1184 1949 Nam
1211 1904 1253 1949 ne

146 1992 298 2055 Hercules
328 1992 455 2075 quidem
484 1998 568 2057 caret
595 1993 734 2074 indiciis,
765 1991 882 2077 quibus
911 2011 992 2074 quae
1018 1992 1153 2074 exposui
1179 2011 1252 2054 con-
1326 2027 1329 2033 -

146 2096 318 2160 firmatur.
355 2098 467 2180 Neque
486 2099 571 2161 enim
591 2117 671 2181 quae
692 2102 767 2161 sunt
789 2098 823 2159 in
843 2116 869 2160 c.
887 2098 904 2159 7
914 2120 921 2158 ε
947 2092 1054 2182 (ἡνίκα
1076 2093 1167 2181 περὶ
1188 2107 1253 2183 της

146 2200 258 2286 δεῦρο
281 2201 455 2287 παρόδου
475 2202 618 2288 ταύτης
638 2198 840 2288 ἐσκοπούμην
862 2200 945 2287 πρὸς
968 2199 1116 2282 ἐμασιὸν,
1144 2195 1179 2264 εἴ
1196 2224 1252 2283 μοι

144 2305 249 2382 καλῶς
271 2296 336 2385 εἶχε
357 2305 511 2392 τηλικῷδε
531 2301 598 2370 ἐντι
619 2304 675 2370 καὶ
698 2304 803 2370 πάλαι
824 2317 887 2369 τῶν
911 2302 1098 2384 ἐπιδείξεων
1120 2327 1250 2369 πεπαυ-

36 2462 39 2466 ,
143 2405 242 2493 pa'vrp‘
330 2431 371 2475 ex
393 2416 546 2476 contextu
569 2414 719 2477 orationis
741 2412 903 2476 referenda
926 2416 1002 2475 sunt
1024 2411 1063 2475 ad
1085 2412 1252 2476 consilium

144 2514 278 2579 Luciani
315 2518 421 2580 nescio
457 2537 525 2599 qua
553 2537 648 2582 causa
680 2520 815 2600 permoti
852 2517 956 2581 denuo
989 2516 1251 2580 declamationum

144 2621 400 2703 repetendarum,
428 2623 525 2684 immo
552 2623 596 2685 ita
624 2622 707 2685 dicta
730 2626 819 2705 sunt,
848 2627 885 2685 ut
908 2622 947 2685 de
969 2641 1005 2685 ea
1027 2625 1153 2684 tantum
1174 2621 1252 2684 reci-

145 2725 261 2789 tatione
288 2725 428 2809 publica,
458 2747 552 2809 quam
583 2727 751 2791 habiturus
778 2732 838 2810 est,
868 2746 967 2790 senex
988 2727 1078 2809 loqui
1099 2725 1251 2789 videatur.

146 2829 267 2893 Deinde
288 2849 338 2913 ea,
369 2850 451 2913 quae
474 2832 534 2895 sub
556 2831 653 2895 finem
675 2833 842 2916 leguntur:
875 2828 947 2894 ‘aui
968 2829 1023 2894 διὰ
1044 2839 1140 2893 τοῦτο
1161 2827 1251 2893 ἐτόλ-

143 2953 230 3020 μησα
252 2933 357 2998 πάλαι
380 2933 625 3023 νενεωλκημένον
647 2935 690 3000 τὸ
713 2934 874 2999 ἀκάτιον
903 2934 1119 3011 κατασπάσας
1139 2933 1195 2998 καὶ
1217 2933 1253 2999 ἐκ

142 3049 206 3102 τῶν
229 3036 361 3103 ἐνόντων
383 3037 600 3116 ἐπισκευάσας
622 3035 721 3116 αὖθις
743 3038 873 3128 άφεῖναι
901 3037 938 3116 ἐς
964 3036 1082 3122 μέσον
1109 3038 1153 3102 τὸ
1178 3036 1252 3102 πέ-

143 3144 276 3228 λαγος’
307 3145 427 3209 addidit
457 3149 603 3230 scriptor,
635 3167 700 3209 non
731 3166 793 3230 quo
822 3146 861 3210 de
888 3150 955 3210 tota
977 3145 1108 3209 vivendi
1130 3147 1252 3208 ratione

143 3250 365 3313 commutanda
397 3256 494 3333 atque
522 3251 562 3314 de
591 3250 759 3314 itineribus
792 3252 972 3334 sophisticis
1000 3250 1253 3333 redintegrandis

143 3355 341 3438 cogitaverit,
365 3355 420 3418 sed
444 3355 529 3438 quod
551 3356 591 3418 ad
614 3358 835 3441 insequentem
856 3357 1072 3420 recitationem
1090 3356 1250 3438 spectavit,

142 3461 195 3523 vei
223 3460 329 3541 potius
350 3459 509 3524 Lucianea
536 3462 672 3544 quadam
699 3461 874 3526 subtiiitate
897 3482 976 3526 usus
999 3461 1038 3524 ad
1061 3479 1143 3543 eam,
1171 3479 1252 3544 quae

143 3565 331 3629 describitur
362 3568 396 3629 in
431 3565 503 3630 Ver.
537 3567 620 3633 Hist.
654 3568 673 3632 l.
704 3568 721 3631 Ι
761 3567 936 3630 mirabilem
968 3566 1253 3650 peregrinationem

142 3671 332 3734 maritimam
360 3690 417 3735 seu
447 3673 702 3755 transmarinam,
735 3674 902 3756 praecipue
929 3672 969 3735 ad
995 3691 1043 3754 ea,
1072 3676 1253 3754 quaesunt

142 3776 177 3837 in
205 3794 230 3838 c.
253 3772 288 3838 5:
324 3773 449 3838 ‘tntae
478 3775 564 3840 πολύ
592 3799 625 3839 τι
654 3776 785 3863 πλῆθος
813 3773 1172 3862 παρεσκευασάμην
1197 3772 1253 3839 καὶ

232 4013 259 4079 1)
278 4018 313 4070 cf.
333 4032 355 4069 c.
376 4016 407 4070 6:
431 4018 474 4066 ‘oi
493 4012 579 4068 Ἰνδοὶ
604 4015 680 4078 ἅπαξ
704 4026 754 4069 τοῦ
772 4017 849 4077 ἔτους
875 4017 1047 4087 ἑορτάζοντες
1070 4025 1107 4086 τῷ
1131 4023 1188 4085 θεῷ
1339 4095 1342 4100 Ι

144 4105 260 4156 πίνουσι
279 4109 333 4156 τῶν
351 4101 465 4171 πηγῶν]
