2820 4606
595 182 637 191 ..
683 152 813 225 22,-

153 328 242 404 runt,
274 323 330 404 qui
357 321 395 385 de
418 320 586 403 Apollonio
617 321 719 384 tirone
748 321 855 403 aliquo
884 320 1089 384 adscribendo
1120 321 1262 384 militum

153 446 287 492 numero
310 430 425 510 agunt,
448 426 611 488 etiamtum
634 426 672 489 de
687 426 920 511 commentariis
935 426 1107 490 iudiciariis
1122 427 1262 510 cogitare

153 534 326 618 potuerint.
360 531 400 594 In
420 548 541 613 papyro
563 529 603 593 Π.
627 531 711 593 enim
726 530 908 614 Apollonio,
928 536 1098 613 postquam
1116 551 1135 593 a
1154 530 1262 594 Ptole-

153 656 242 702 maeo
265 636 475 700 Philometore
504 654 577 719 rege
607 622 799 718 impetravit,
828 641 865 698 ut
894 636 1086 718 reciperetur
1115 629 1178 710 ‘aig
1204 634 1262 721 τὴν

154 739 312 821 Astraeae
335 734 473 826 σημαίαν
495 735 684 824 τεταγμένην
706 736 739 802 ἐν
759 735 913 826 Μέμφαι’
937 737 1005 824 (lin.
1029 739 1100 826 41),
1131 740 1260 823 placuit,

32 861 37 870 ·
154 866 264 912 omnes
284 845 384 908 literis
407 845 593 927 consignare
612 846 829 928 magistratuS,
849 844 888 907 ad
905 863 985 927 quos
1000 843 1061 907 sibi
1076 843 1261 908 adeundum

152 953 277 1033 fuisset,
299 954 470 1032 antequam
489 949 594 1012 locum
615 951 749 1032 petitum
772 951 1014 1013 nancisceretur.
1048 949 1262 1032 Appellantur

151 1058 253 1142 igitur
273 1056 477 1138 magistratus
499 1054 549 1116 hi:
573 1050 883 1140 ἀρχισταματαφύλαξ
902 1049 956 1116 ναὶ
978 1053 1180 1139 γραμματεὺς
1197 1065 1261 1117 τῶν

154 1158 329 1242 δυνάμεων,
361 1157 546 1244 στρατηγὸς,
578 1153 820 1244 ἅρχιαπηρέτης,
852 1156 1026 1244 διοικητὴς,
1058 1154 1258 1246 ermolaus,

154 1264 358 1350 γραμματεῖς.
394 1263 433 1326 In
455 1264 570 1326 horum
592 1282 738 1346 numero,
759 1264 794 1325 in
817 1283 880 1347 quo
899 1281 940 1326 ne
958 1282 1044 1326 unus
1063 1263 1193 1346 quidem
1212 1269 1261 1329 est

153 1371 338 1434 iudiciarios
358 1368 575 1452 magistratus
597 1387 670 1431 cum
693 1367 731 1430 de
755 1387 849 1432 causa
869 1368 1034 1431 iudiciaria
1049 1369 1179 1431 omnino
1194 1389 1259 1433 non

154 1479 275 1560 agatur,
298 1472 357 1537 sub
379 1472 476 1536 finem
497 1474 610 1556 papyri
632 1473 785 1555 leguntur
806 1473 899 1535 haec:
923 1494 980 1534 και
1003 1493 1201 1560 εκαμισαμην
1221 1496 1259 1537 τα

154 1597 371 1663 πρασταγμμα
386 1565 580 1660 Πταλεμααμ
599 1598 656 1639 ταν
676 1597 956 1664 αττομνηματοφος.
994 1576 1138 1641 Dubium
1153 1584 1256 1643 autem

152 1684 218 1770 fere
248 1702 316 1748 esse
345 1702 410 1745 non
439 1687 553 1765 potest,
581 1700 654 1744 cum
677 1681 882 1765 Apollonium
912 1701 1016 1775 neque
1038 1683 1071 1744 in
1094 1688 1161 1747 arte
1184 1685 1254 1748 sori·

154 1790 249 1853 bendi
278 1807 382 1871 neque
411 1789 445 1850 in
475 1787 570 1851 rebus
591 1789 803 1871 grammaticis
826 1790 900 1852 satis
921 1788 1049 1852 firmum
1070 1788 1171 1854 firisse
1193 1790 1255 1854 elu-

155 1899 235 1977 ceat,
258 1895 336 1976 quin
357 1893 527 1976 legendum
549 1893 605 1956 sit:
633 1887 826 1977 Πτολεμαίῳ
845 1903 891 1976 τῷ
910 1892 1259 1982 ὑτταμνηματαγραὶφτμ.1

240 1998 393 2061 Franzius
415 1999 449 2060 in
471 1996 541 2061 OIG
564 1997 624 2060 vol.
642 1996 693 2060 ΠΙ
714 1998 753 2061 ed
775 1999 861 2061 hunc
883 1998 989 2061 locum
1008 2002 1093 2062 recte
1111 2005 1257 2063 annotat:

153 2103 207 2165 ‘Iu
235 2103 386 2167 extremis
414 2123 544 2186 prorsus
567 2104 767 2168 caecutimus.
812 2102 984 2167 Decretum
1007 2103 1136 2186 quidem
1157 2108 1259 2168 trans-

152 2209 253 2272 latum
293 2206 438 2270 videmus
477 2209 517 2270 ad
556 2208 774 2272 Ptolemaeum
815 2206 870 2272 τὸν
906 2206 1259 2296 ὑτταμνηματογράφον.’

154 2313 244 2378 Certe
266 2332 308 2377 ex
331 2332 367 2376 eo
389 2313 458 2376 loco
480 2333 599 2377 munus
614 2314 971 2397 hypomnematographi
986 2314 1179 2378 constituere
1194 2336 1259 2379 non

153 2418 354 2501 audebimus,
387 2437 460 2481 cum
492 2437 534 2481 ne
567 2419 708 2482 ordinem
744 2419 874 2500 quidem'
905 2420 1027 2482 iustum
1060 2420 1259 2503 singularum

154 2524 374 2607 epistularum,
405 2542 500 2605 quem
522 2523 712 2606 Apollonius
737 2524 827 2588 rudis
852 2525 946 2587 homo
971 2524 1143 2607 turbavit,²
1170 2527 1260 2590 resti-

153 2633 243 2692 tuere
279 2629 444 2710 possimus.
495 2627 611 2691 Tamen
648 2648 689 2692 ex
721 2629 781 2692 hoe
813 2629 882 2692 loco
915 2628 1066 2693 efficitur:
1111 2631 1260 2714 primum,

152 2733 510 2817 hypomnematographi
539 2753 657 2797 munus
686 2753 750 2796 non
772 2734 973 2797 iudiciarium
995 2734 1108 2817 tuisse,
1137 2735 1260 2818 deinde,

153 2838 553 2922 hypomnematographum
583 2858 648 2901 non
679 2844 742 2902 tam
773 2844 840 2902 arte
868 2858 942 2901 cum
970 2839 1043 2902 aula
1072 2840 1159 2922 rogia
1185 2859 1259 2903 con-

153 2944 298 3005 iunctum
319 2941 431 3024 fuisse,
455 2963 550 3024 quam
572 2943 749 3007 Lumbroso
772 2941 981 3026 (Becherches
1008 2964 1037 3026 p.
1060 2942 1137 3026 182)
1158 2949 1259 3027 putat,

155 3048 307 3129 quicum
328 3045 426 3110 fuisse
449 3052 532 3135 certo
556 3049 615 3112 scit
645 3049 688 3111 ‘le
710 3047 783 3112 chef
802 3047 856 3112 des
880 3048 1063 3131 audiences,
1094 3050 1260 3112 secretaire

153 3218 213 3272 Etsi
230 3217 302 3272 linea
320 3216 392 3286 prior
409 3217 450 3271 sic
469 3218 628 3286 completur:

435 3305 734 3375 ὑπομνηματομράφαα
751 3306 800 3371 τὴν
816 3309 1027 3376 λαιπομραφίαν

153 3394 244 3448 tamen
261 3392 436 3461 disputationi
454 3396 561 3447 nostrae
580 3393 650 3446 nihil
667 3394 783 3461 prodest.

242 3480 267 3546 1)
288 3480 320 3533 cf.
339 3480 452 3549 Peyron.
472 3487 561 3533 annot.
581 3497 606 3548 p.
618 3480 665 3532 47:
692 3479 746 3534 ‘La
765 3481 952 3550 grammatica,
976 3481 1003 3536 la
1021 3482 1144 3551 sintassi,
1168 3483 1259 3538 l’orto-

155 3568 235 3636 grafia
253 3583 317 3621 sono
336 3566 482 3634 scieurate,
501 3566 586 3621 talora
603 3583 734 3621 mancano
747 3565 758 3619 i
773 3568 934 3623 nominativi
949 3586 963 3622 α
977 3569 1063 3624 talora
1075 3570 1086 3622 i
1099 3570 1188 3624 verbi'
1208 3574 1258 3626 etc.

241 3652 268 3719 2)
290 3653 404 3722 Peyron.
427 3654 445 3707 1.
466 3671 488 3707 c.
512 3670 538 3722 p.
554 3654 600 3706 37:
625 3652 779 3708 ‘Oltrecche
801 3655 828 3709 la
851 3656 921 3709 serie
944 3673 997 3711 non
1019 3673 1053 3709 ne
1076 3655 1090 3709 e
1114 3658 1259 3726 compiuta,

154 3756 169 3793 e
193 3756 296 3808 ueppur
320 3740 426 3809 diposta
449 3758 498 3810 per
522 3740 615 3794 ordine
641 3741 820 3812 cronologico,
845 3743 873 3797 la
891 3744 954 3798 data
972 3744 999 3797 di
1018 3743 1113 3799 alcuna
1130 3761 1259 3800 maneae

155 3827 182 3880 di
200 3827 267 3882 altre
286 3826 395 3895 efalsa,
420 3827 543 3896 epsicohd
561 3845 609 3896 per
627 3828 792 3883 ristabilirne
810 3830 923 3883 l'ordiue
941 3831 1135 3900 bisognercbbe
1154 3837 1259 3888 entrare

154 3914 184 3967 in
206 3931 260 3970 uno
284 3914 389 3982 spinaio
412 3916 440 3969 di
463 3915 663 3986 conghietture.
688 3919 791 3971 mentre
808 3917 829 3970 il
848 3917 977 3972 resultato
995 3935 1048 3973 non
1067 3919 1259 3976 francherebbe

155 4001 183 4056 la
198 4002 304 4071 perdita
321 4002 342 4055 il
360 4004 450 4072 tempo
468 4005 502 4057 ed
520 4003 541 4057 il
559 4002 675 4072 periculo
694 4006 788 4073 troppo
805 4005 887 4059 facile
905 4005 933 4059 di
953 4005 1057 4061 errare.²
