2820 4606
593 217 812 275 ..15-

237 390 286 451 Ao
303 391 441 471 primum
460 386 588 470 quidem
602 388 826 470 unusquisque
840 387 973 468 videbit,
993 408 1139 452 romanos
1156 392 1254 472 magi-

149 497 269 556 stratus
301 494 352 555 hic
386 493 620 555 accuratissime
654 490 895 572 distinguendos
926 511 994 555 osse
1028 493 1066 556 ab
1100 494 1255 576 aegyptiis

149 602 245 680 atque
268 596 505 677 discernendos,
534 615 639 679 neque
661 614 736 659 vero
759 597 818 677 ita,
845 601 882 659 ut
904 596 974 660 illos
997 617 1015 659 a
1034 597 1185 660 Romanis
1207 600 1255 660 in-

150 703 291 783 stitutos,
325 702 383 764 hos
413 705 556 784 aooeptos
586 719 654 763 esse
684 720 701 763 e
730 720 842 784 regum
873 701 1067 784 temporibus
1097 703 1255 785 putemus,

149 807 205 870 sed
229 812 267 869 ut
289 808 410 870 romani
430 807 632 890 magistratus
655 805 854 888 aRomaniS,
878 809 1018 892 aegyptii
1033 807 1071 870 ab
1088 810 1255 892 Aegyptiis

149 911 200 974 vel
223 912 330 994 potius
352 932 370 973 a
392 911 515 974 civibus
538 911 764 974 Alexandrinis
791 913 872 995 gesti
895 914 965 975 sint.
1012 912 1105 988 Quod
1127 913 1255 976 demon-

150 1020 269 1078 stratur
287 1035 328 1078 ex
347 1035 392 1093 eo,
417 1016 503 1098 quod
517 1009 686 1098 ἰδιόλογος,
711 1035 904 1099 quamquam
917 1017 1106 1080 Ptolemaeis
1121 1036 1255 1101 regnan-

150 1119 234 1182 tibus
256 1121 320 1181 iam
342 1120 528 1200 existebat,¹
553 1125 659 1183 tamen
681 1121 764 1183 inter
784 1140 931 1184 romanos
952 1123 1149 1203 nominatur,
1177 1142 1255 1204 quo-

151 1225 235 1286 niam
258 1245 277 1286 a
297 1223 448 1287 Romanis
471 1224 758 1289 administrabatur.

237 1328 360 1391 Deinde
382 1330 465 1392 iusto
485 1330 594 1392 ordine
610 1328 798 1393 Strabonem
815 1351 871 1414 pro
887 1331 1041 1415 dignitate
1056 1333 1255 1415 singulorum

150 1435 352 1516 magistratus
375 1453 560 1498 enumerare
583 1439 718 1518 apparet.
756 1435 838 1498 Nam
854 1441 885 1499 et
901 1431 1047 1521 ἐξηγητὴν
1064 1438 1128 1500 iam
1143 1442 1256 1501 ornatu

150 1545 247 1622 atque
269 1540 388 1602 honore
410 1547 534 1623 praeter
556 1545 675 1604 ceteros
692 1540 817 1623 florere,
841 1546 872 1604 et
891 1539 1067 1621 νυκτερινὸν
1082 1540 1256 1627 στρατηγὸν

150 1644 236 1706 haud
266 1645 425 1727 superiore
456 1645 524 1708 loco
550 1646 648 1709 fuisse
670 1666 767 1728 quam
788 1643 1012 1731 ἀρχιδικαστὴν
1035 1666 1058 1708 s
1082 1647 1255 1730 prinoipem

150 1748 259 1812 iudicii
279 1755 527 1813 consentaneum
550 1755 613 1813 est:
644 1753 752 1833 itaque
775 1751 814 1814 de
836 1752 1202 1835 hypomnematographo
1225 1755 1257 1813 et

148 1855 288 1936 principe
310 1855 418 1917 iudicii
439 1855 548 1918 eodem
569 1855 662 1918 modo
678 1856 881 1939 cogitandum
897 1875 965 1920 esse
979 1856 1156 1920 Lumbroso
1171 1861 1256 1920 reote

151 1958 370 2023 confirmavitr
414 1960 516 2023 Valde
543 1965 648 2024 autem
678 1963 789 2042 miror,
819 1961 904 2044 quod
931 1960 1130 2043 RudorffiuS,
1161 1981 1256 2044 quem

151 2062 266 2125 eisdem
287 2062 352 2127 fere
374 2063 479 2128 verbis
502 2064 740 2148 Marquardtius
760 2067 917 2148 sequitur,
948 2067 1072 2129 etiamsi
1093 2068 1214 2129 iustum
1238 2086 1257 2128 a

119 2215 120 2218 ,
150 2166 303 2230 Strabone
337 2169 478 2232 ordinem
513 2172 759 2254 magistratuum
794 2172 1003 2234 constitutum
1037 2191 1106 2235 esse
1140 2171 1256 2234 diserte

148 2271 297 2353 affirmat,
332 2278 438 2337 tamen
468 2275 536 2357 ipse
571 2275 680 2338 ordine
713 2281 904 2339 commutato
938 2275 1049 2339 iudicii
1081 2277 1255 2360 prinoipem

148 2382 220 2441 ante
257 2379 658 2464 hypomnematographum
696 2381 834 2445 oollooat.
897 2379 988 2455 Quod
1026 2381 1088 2443 nisi
1123 2380 1256 2461 fecisset,

148 2487 233 2546 oerte
254 2503 363 2547 omnes
386 2485 591 2549 offendissent
611 2488 646 2549 in
668 2488 707 2549 iis
727 2505 808 2568 quae
830 2487 868 2550 do
891 2486 1256 2569 hypomnematographo

148 2588 251 2650 addit:
276 2588 346 2651 ‘der
367 2588 708 2677 ὑπομνηματογράφος,
728 2591 784 2653 der
800 2591 934 2654 Gehiilfe
950 2591 1006 2653 des
1021 2587 1254 2675 ἀρχιδικαστὴς,

150 2692 462 2758 Geriohtssohreiber.
507 2696 716 2761 Ausffihrlioh
743 2694 923 2759 besohreibt
945 2694 1012 2757 dies
1034 2695 1113 2756 Amt
1133 2693 1256 2756 Luoian

148 2799 239 2881 Apol.
262 2820 307 2881 pr.
331 2818 423 2863 mero.
448 2800 537 2863 cond.
561 2819 585 2864 o.
607 2802 657 2864 11.
681 2800 766 2863 12]3

235 2903 348 2987 Neque
385 2906 469 2968 enim
506 2907 676 2987 quisquam
710 2900 1044 2990 ὑπομνηματογράφον
1079 2902 1254 2967 adiutorem

149 3005 376 3091 ἀρχιδικαστοῦ
394 3010 492 3074 fuisse
510 3016 605 3094 atque
620 3012 835 3095 graphiarimn
850 3009 1014 3091 concedet⁷
1037 3009 1064 3072 si
1082 3008 1254 3090 Strabonis

150 3115 205 3196 qui
227 3133 300 3177 eum
323 3116 461 3178 secundo
485 3117 552 3179 loco
574 3118 732 3197 nominat,
754 3115 896 3178 ordinem
915 3115 1156 3178 conservaverit.
1194 3113 1255 3177 Sed

150 3218 271 3281 etiamsi
300 3220 442 3283 ordinem
464 3222 710 3304 magistratuum
732 3240 845 3303 parum
867 3219 1035 3303 diligenter
1061 3239 1080 3281 a
1102 3217 1254 3282 Strabone
1324 3275 1330 3289 ,

149 3325 358 3387 constitutum
390 3344 457 3388 esse
487 3325 666 3406 credamuS,
697 3325 855 3408 quomodo
885 3324 955 3388 fieri
983 3325 1100 3408 potuit,
1128 3326 1166 3385 ut
1193 3322 1256 3385 tale

150 3430 243 3509 quale
271 3429 456 3493 Rudorffius
485 3430 844 3514 hypomnematographi
875 3430 973 3494 fuisse
1006 3429 1108 3492 voluit
1136 3446 1256 3490 munus

237 3638 263 3702 1)
283 3638 316 3691 of.
334 3637 504 3704 Marquardt,
524 3635 784 3706 Staatsverwaltung
802 3637 823 3690 1.
843 3636 913 3689 Aufl.
932 3635 961 3689 H
980 3652 1006 3704 p.
1022 3633 1081 3687 299.

238 3723 264 3790 2)
283 3724 391 3777 Rivista
409 3724 437 3776 di
455 3723 519 3776 filol.
537 3723 556 3776 1.
576 3740 598 3777 o.

237 3812 263 3869 3)
282 3813 311 3864 iu
329 3811 399 3865 Mus.
412 3812 497 3878 Rhen,
516 3811 545 3864 Π
563 3828 589 3878 p.
602 3810 637 3863 82
654 3827 697 3864 an.
712 3810 737 3877 9,
756 3810 790 3863 os.
808 3809 978 3878 Marquardt‚
997 3807 1255 3876 Staatsverwaltimg

149 3899 170 3952 Ι.
185 3899 255 3951 And.
274 3901 288 3953 Ι
311 3917 336 3967 p.
354 3899 413 3953 297.
450 3899 483 3952 In
501 3899 585 3953 altera
604 3899 720 3952 editione
739 3897 830 3964 (1881)
849 3897 1051 3966 Marqnardtius
1069 3896 1137 3950 haee
1155 3897 1255 3962 omisit,

149 3986 240 4039 attulit
262 3989 352 4040 tamen
375 3986 489 4040 Luoiani
513 3986 603 4040 loomn
627 3985 703 4054 Apol.
726 3984 766 4038 12.
803 3983 986 4039 lbitzsohium
1009 3999 1043 4036 ne
1069 3983 1121 4038 hoo
1145 3983 1255 4052 quidem

148 4073 206 4127 looo
225 4072 382 4128 nominavit.
966 4066 974 4079 ⁹
