2820 4606
618 250 811 306 ..9-

247 417 310 482 His
333 417 494 500 omnibus,
519 437 599 500 quae
620 417 724 500 attuli,
747 418 889 481 Planclrii
909 419 1065 481 sententia
1082 416 1267 481 labefactata

161 522 301 586 videtur:
326 543 432 606 neque
454 525 540 588 onim
563 523 695 586 dubium
716 527 778 605 est,
801 523 879 606 quin
894 523 967 585 illae
982 542 1032 586 res
1046 524 1148 605 primo
1163 525 1266 606 priore

161 627 268 710 alique
298 630 382 692 vitae
409 633 549 713 tempere
580 634 724 692 accurate
754 627 793 690 ab
816 632 944 691 auctore
965 632 1171 710 pertractatae
1193 629 1266 710 sint,

161 737 285 816 postea,
308 738 345 796 ut
366 734 517 797 memoria
538 738 753 815 renovaretur,
775 734 893 795 iterum
915 732 1048 796 strictim
1071 736 1212 796 attactae.

248 837 360 921 itaque
393 838 557 902 Rehdius1
594 837 707 901 melius
741 838 890 920 coniecit,
926 837 1038 919 librae,
1076 837 1115 900 de
1150 837 1266 920 quibus

162 943 298 1026 agimus,
328 945 460 1026 scriptos
491 962 559 1007 esse
587 942 697 1005 eedem
725 942 791 1006 fere
819 946 961 1025 tempere
988 947 1083 1025 atque
1110 942 1266 1005 lcarome-

162 1049 293 1131 nippum
326 1052 358 1112 et
391 1049 626 1134 Alexandrum,
662 1051 696 1115 id
731 1055 779 1114 est
810 1053 881 1134 pest
913 1069 939 1111 a.
968 1046 1145 1130 eLXXX,
1182 1048 1267 1130 qued

162 1153 320 1216 Lucienus
342 1154 401 1217 hae
423 1156 514 1218 senili
537 1161 637 1220 aetate
659 1156 790 1240 Epicuri
811 1154 899 1218 laudi
920 1152 1012 1216 valde
1033 1152 1170 1216 faverit.2

249 1255 394 1332 Quocum
415 1261 531 1343 optime
554 1262 714 1344 congruit,
746 1259 844 1344 qued,
874 1260 901 1322 si
923 1278 1030 1326 usum.
1040 1257 1267 1339 particularum

161 1362 360 1445 respicimus,
386 1363 489 1428 Verae
511 1365 670 1429 Historiae
693 1367 849 1429 artissime
873 1364 1041 1426 cohaerent
1064 1345 1137 1426 cum
1163 1363 1212 1425 his
1236 1367 1268 1425 et

161 1468 274 1531 ceteris
304 1470 443 1554 scriptis,
475 1491 555 1554 quae
585 1493 604 1535 a
631 1472 770 1536 Luciane
793 1491 868 1537 sene
891 1470 1063 1554 composita
1085 1474 1117 1532 et
1138 1472 1213 1532 sunt
1236 1472 1268 1530 et

162 1573 312 1637 videntur
331 1594 407 1640 esse.
1049 1586 1052 1601 ¹

248 1678 330 1742 Nam
345 1682 484 1763 primum
497 1681 624 1764 quidem
640 1683 867 1765 particularum
883 1680 1038 1764 copulatio
1056 1674 1268 1763 ‘nlbvdtlri',

163 1803 243 1865 quae
266 1785 447 1867 saepissime
467 1791 640 1870 usurpatur
659 1789 693 1849 in
709 1786 851 1870 Dialogis
866 1786 1008 1850 Deorum
1024 1788 1055 1847 et
1069 1781 1268 1845 Mortuerum

163 1887 305 1952 Obarene
336 1889 425 1952 Galle
457 1891 618 1955 Piscatere
647 1892 704 1955 Bis
731 1892 888 1955 Accusata
914 1890 1113 1954 Hermotimo
1139 1887 1268 1950 limene

139 1975 144 1985 ’
163 1993 232 2055 aliis
259 2013 389 2076 prorsus
413 1995 501 2058 deest
523 1997 557 2058 in
581 1997 706 2078 scriptis
729 1996 899 2059 senilibus:
931 1994 1087 2078 Apologia
1107 2011 1164 2074 pre
1187 2010 1268 2054 mer-

163 2096 237 2160 cede
273 2098 438 2162 eenduetis
477 2100 539 2163 Pro
572 2100 664 2182 lapsu
694 2100 819 2164 Bacche
851 2098 989 2163 Hercule
1019 2097 1140 2160 Verar.
1168 2095 1268 2159 Hist.

161 2202 180 2264 l.
198 2199 233 2283 J,
255 2201 301 2285 H,
331 2203 514 2267 Alexandro
542 2204 779 2289 Iearemenippe
809 2203 1029 2270 Saturnalibus
1057 2201 1269 2266 Crenesolene

162 2305 313 2388 Epistolis
336 2304 461 2370 Saturn.
485 2308 536 2390 al,
566 2328 636 2370 rare
659 2310 742 2372 inest
763 2311 796 2370 in
819 2309 839 2372 l.
860 2309 898 2372 de
920 2312 1021 2371 morte
1042 2307 1207 2390 Peregrini
1230 2305 1269 2369 de

161 2410 305 2474 mercede
329 2411 493 2476 conductis
515 2413 690 2477 Rheterum
713 2418 914 2497 praeceptere
933 2410 1152 2494 Philopseude.

248 2514 407 2578 Particula
436 2514 496 2602 μὴν
523 2519 673 2601 coniungi
702 2518 780 2581 solet
809 2520 845 2580 in
874 2518 1006 2601 dialogis
1033 2516 1097 2578 illis
1126 2513 1269 2577 florentis

164 2620 274 2684 aetatis
295 2639 367 2683 cum
388 2622 522 2704 simplici
541 2619 611 2700 aei,
635 2625 669 2684 in
686 2623 839 2687 senilibus
855 2624 978 2706 scriptis
993 2625 1048 2684 aut
1063 2639 1137 2683 cum
1152 2618 1269 2701 duplici

163 2720 217 2785 καὶ
238 2725 451 2808 coniungitur,
475 2731 530 2790 aut
552 2728 679 2791 omnino
696 2729 791 2792 deest.
828 2727 941 2810 Itaque
963 2721 1018 2788 wi
1040 2724 1101 2810 μὴν
1122 2742 1214 2807 saepe
1235 2723 1270 2784 in

163 2827 303 2913 Dialegis
326 2828 466 2894 Deorum
489 2837 521 2894 et
541 2831 740 2897 Mortuerum
761 2833 904 2896 Obarene
924 2832 1014 2895 Gallo
1035 2830 1194 2893 Piscatere
1213 2828 1269 2891 Bis

163 2934 321 2998 Accusate
347 2935 545 2999 Hermotimo
568 2936 699 3001 Timone
723 2978 763 2985 —-
787 2934 843 2999 καὶ
869 2937 929 3023 μὴν
957 2932 1013 2998 καὶ
1042 2935 1091 2998 his
1123 2933 1270 2997 omnibus

162 3038 295 3122 dialogis
318 3038 438 3123 deest,3
459 3043 543 3105 inest
564 3026 652 3106 vere⁶
662 3044 697 3105 in
719 3043 738 3105 l.
762 3042 801 3105 de
820 3046 920 3104 morte
941 3040 1106 3123 Peregrini
1129 3038 1169 3102 de
1189 3056 1270 3100 mer-

162 3143 238 3207 cede
268 3144 433 3209 cenductis
463 3146 640 3211 Rheterum
666 3151 866 3231 praeceptore
891 3145 1001 3209 Verar.
1025 3144 1109 3208 Hist.
1132 3144 1151 3206 l.
1175 3142 1205 3225 I,
1228 3141 1271 3223 H,
1339 3147 1343 3163 ⁵

163 3248 385 3313 Saturnalibus
400 3249 551 3333 Epistolis
567 3252 701 3334 Satum,
723 3253 779 3334 qui
794 3255 903 3314 contra
919 3250 973 3314 ille
988 3246 1116 3334 καὶμὴν
1136 3245 1269 3309 carent.⁴

96 3432 99 3437 ³
162 3352 264 3416 Vacui
294 3358 371 3417 sunt
401 3374 420 3416 a
449 3357 603 3436 particula
624 3355 685 3442 μὴν
712 3356 750 3419 ll.
774 3356 930 3445 Apologia
952 3374 1009 3438 pre
1031 3351 1173 3416 mercede
1195 3370 1269 3413 cen-

163 3456 265 3523 ductis
287 3459 350 3522 Pre
371 3461 463 3543 lapsu
486 3460 631 3524 Bacchus
652 3461 809 3525 Hercules
831 3460 1015 3524 Alexander
1038 3457 1238 3523 Orenosolen.

251 3664 277 3730 1)
299 3663 405 3718 Grieeh.
423 3663 527 3718 Reman
547 3682 573 3732 p.
593 3664 652 3718 191.

249 3750 276 3818 2)
296 3752 328 3804 cf.
348 3750 381 3803 V.
401 3750 435 3804 H.
452 3751 492 3819 H,
511 3751 551 3804 18.
590 3751 628 3806 ef.
647 3752 769 3821 Beruays
789 3751 892 3805 Lueian
912 3768 938 3804 u.
959 3751 983 3803 d.
1003 3750 1125 3819 Kyriker
1143 3768 1169 3819 p.
1181 3749 1224 3805 43.

249 3838 276 3905 3)
295 3853 348 3891 une
366 3840 473 3892 tanturn
490 3839 548 3893 leee
566 3839 637 3894 Dial.
656 3839 734 3893 Mert.
755 3839 800 3907 13,
820 3841 833 3891 1
854 3839 943 3892 adhue
961 3837 1055 3902 (etiam
1073 3854 1089 3892 a
1106 3837 1267 3902 Fritzsehie)

160 3924 261 3993 legitur
283 3927 329 3977 καὶ
347 3925 403 3994 μὴν
421 3927 479 3986 καὶ,
503 3927 551 3980 sed
572 3927 667 3995 preeul
690 3926 770 3980 dubie
797 3927 946 3980 seeundum
969 3925 1016 3977 καὶ
1042 3942 1103 3979 eum
1130 3926 1267 3993 praestan·

160 4011 276 4066 tissimis
295 4013 370 4066 codd.
390 4013 471 4068 aasz
489 4013 633 4067 delendum
651 4016 700 4068 est.

249 4099 278 4167 4)
296 4099 329 4153 In
346 4100 460 4154 Iearem.
477 4103 569 4156 tamen
587 4104 614 4155 et
631 4104 678 4154 καὶ
695 4102 752 4173 μὴν
769 4104 797 4155 et
813 4103 859 4153 καὶ
877 4100 934 4172 μὴν
951 4103 998 4153 καὶ
1016 4101 1201 4158 inveniuntur.
