2820 4606
600 226 816 284 „51-

237 396 464 479 Fragmentum
485 414 573 477 vere,
596 396 681 477 quod
704 382 788 478 apud
811 397 963 462 Fritzsch.
979 399 1021 461 Π.
1045 405 1107 462 est:
1134 396 1260 477 ‘adicis

150 495 264 583 κρίνων
287 491 434 586 ditet-pr}
455 497 656 580 θυμούμενος
664 500 681 582 ’,
711 499 898 563 Demonacti
926 503 1166 566 attribuendum
1193 522 1261 567 esse

150 624 216 666 non
238 608 330 686 puto,
360 604 414 668 sed
435 623 507 666 cum
531 603 602 682 hoc,
633 603 671 667 de
695 623 757 687 quo
781 606 917 688 agimus,
943 626 1016 668 cum
1037 607 1169 670 eandem
1191 627 1261 670 sen-

150 710 283 771 tentiam
314 709 443 772 haberet
473 713 569 790 atque
596 708 635 771 ab
659 709 768 772 eodem
790 710 886 772 verbo
910 710 1080 793 ordiretur,
1110 713 1156 773 ita
1177 731 1261 774 com-

150 818 310 876 mutatum
343 832 424 896 esse,
464 814 595 876 fortasse
627 815 718 876 initio
752 815 787 876 in
820 814 926 878 codice
957 815 1045 878 vel-ut
1078 817 1261 899 exemplum

151 919 416 1001 suprascriptum,
446 921 483 980 ut
513 917 628 980 lemma
658 937 786 1000 quoque
817 920 976 1001 arriperet.
1022 918 1062 981 In
1091 918 1261 1002 archetypo

149 1023 249 1105 igitur
272 1028 351 1086 erat:

501 1125 593 1185 κόλαζε
611 1128 712 1193 κρίνων
729 1124 797 1175 ἀλλὰ
814 1125 854 1192 μὴ
873 1127 1051 1194 θυμούμενος

218 1225 406 1290 Δημωνακτος
427 1210 541 1291 κόλαζε
561 1208 657 1297 χωρὶς
680 1208 773 1296 ὀργῆς
794 1211 849 1275 τόν
871 1211 1092 1298 ἁμαρτάνοντα
1113 1212 1178 1276 καλ.

218 1319 342 1457 Δημοιιόκρ.

151 1492 275 1556 Deinde
298 1493 333 1554 in
354 1492 459 1555 codice
480 1491 646 1574 sequiora:

216 1625 403 1689 Δημωνακτος
425 1610 537 1690 κόλαζε
560 1606 673 1696 κρίκων
695 1609 776 1674 ἀλλὰ
798 1612 841 1698 μὴ
863 1612 1065 1693 θυμούμενος

216 1731 341 1793 Δημοκρ.
363 1713 477 1795 κόλαζε
497 1713 593 1801 χωρὶς
615 1712 708 1801 ὀργῆς
728 1715 784 1779 τόν
807 1714 1027 1801 ἁμαρτάνοντα
1049 1717 1115 1782 κτλ,

149 1840 284 1902 netem
305 1857 380 1901 vero
405 1836 448 1922 (p.
473 1840 544 1920 133,
562 1837 618 1923 51)
642 1842 673 1901 et
693 1819 826 1900 Maxim
848 1837 891 1921 (n
917 1860 946 1922 p.
964 1837 1042 1923 595)
1064 1839 1135 1903 fons
1156 1842 1262 1903 omisit

149 1945 242 2028 plane
265 1942 442 2007 secundum
469 1943 683 2026 fragmentum
705 1961 817 2006 verum
839 1941 1042 2006 Demonactis
1064 1944 1261 2026 retinuitque

150 2049 239 2131 prius
261 2067 336 2111 cum
357 2048 504 2111 lemmate
526 2045 744 2132 Δημώνακτος
767 2043 807 2108 ἀλ
828 2049 971 2131 Δημοκρ.

237 2168 298 2232 Sed
322 2169 360 2233 de
380 2169 563 2252 fragmentis
585 2168 788 2232 Demonactis
810 2169 888 2230 haec
906 2169 1067 2231 hactenns.
1100 2169 1173 2232 Non
1196 2174 1262 2233 erat

148 2275 227 2336 mihi
256 2275 467 2357 propesitum,
497 2278 534 2336 ut
561 2272 600 2336 de
627 2273 762 2355 singulis
785 2292 894 2336 eorum
918 2292 1043 2335 omnem
1066 2292 1261 2337 removerem

149 2377 394 2460 dubitationem,
424 2379 484 2441 hoc
513 2378 727 2441 demonstrare
756 2377 860 2440 volui:
894 2378 971 2440 haec
998 2377 1174 2461 fragmenta
1196 2397 1260 2440 non
1318 2376 1322 2384 '

148 2482 243 2545 modo
272 2502 337 2545 non
364 2500 432 2546 esse
455 2482 652 2565 neglegenda
680 2483 715 2544 in
747 2483 929 2564 quaestione
958 2502 1054 2564 quam
1080 2486 1262 2565 tractamus,

149 2606 262 2651 vorum
293 2587 388 2650 etiam
418 2587 487 2650 eius
516 2585 684 2649 discrimen
711 2586 821 2650 facere.
867 2585 950 2649 Nam
975 2587 1002 2648 si
1027 2587 1097 2667 quis
1121 2605 1262 2668 eaquae

149 2691 209 2753 hoc
226 2690 366 2754 secundo
386 2691 454 2753 loco
468 2691 564 2753 attuli
577 2689 754 2773 fragmenta
769 2691 874 2752 animo
891 2690 1076 2772 complexus
1090 2690 1261 2772 perlustra-

148 2796 246 2877 verit,
278 2794 478 2878 aliquantum
507 2796 662 2857 interesse
690 2795 773 2857 inter
801 2794 878 2857 haec
900 2798 933 2857 et
955 2812 992 2856 ea
1015 2795 1157 2877 quinque
1181 2815 1262 2876 quae

148 2898 412 2982 apophthegmata
441 2899 676 2961 nominavimus
707 2898 870 2979 concedet,
901 2916 974 2960 cnm
998 2899 1262 2981 apophthegmata

149 3002 378 3066 Demonactem
398 3022 472 3065 cum
496 3003 564 3065 aliis
586 3002 716 3065 fortuito
739 3002 972 3084 colloquentem
994 3002 1163 3086 inducant,
1186 3004 1263 3067 haec

148 3113 256 3170 tamen
285 3106 462 3190 fragmenta
493 3125 510 3169 e
537 3106 752 3190 philosophiae
779 3107 954 3189 praeceptis
979 3111 1035 3169 aut
1056 3106 1095 3169 ab
1116 3108 1185 3190 ipso
1208 3112 1263 3170 aut

149 3211 188 3274 ab
213 3212 337 3294 aequali
360 3212 546 3293 conscriptis
568 3210 735 3294 desumpta
750 3214 833 3274 sunt.
871 3210 984 3292 Itaque
1001 3213 1150 3293 quoniam
1166 3230 1263 3293 supra

150 3316 363 3397 ostendimus,
385 3316 441 3378 illa
463 3298 728 3398 apophthegmata
750 3334 815 3376 non
837 3314 970 3378 fluxisse
985 3335 1003 3378 e
1017 3315 1175 3379 Lucianea
1189 3316 1263 3397 vita,

149 3440 237 3484 nunc
269 3421 399 3483 tertium
431 3420 470 3483 de
504 3419 698 3483 Demonacte
731 3419 918 3502 philosopho
949 3419 1066 3483 tibrum
1098 3418 1262 3483 credemus

149 3525 306 3606 extitisse,
339 3526 375 3586 in
415 3543 478 3607 quo
515 3523 554 3587 de
587 3523 786 3607 philosophia
821 3524 889 3586 eius
924 3528 1031 3586 actum
1061 3525 1110 3586 sit.
1165 3522 1262 3586 Haud

148 3630 255 3712 inepte
273 3629 373 3711 igitur
388 3628 585 3692 Fritzschius
598 3627 618 3690 l.
631 3647 657 3690 c.
681 3648 710 3710 p.
723 3626 823 3691 XXV
839 3628 1031 3709 suspicatur:
1057 3626 1263 3708 quamobrem

148 3733 244 3817 paulo
278 3737 349 3815 post
379 3737 514 3796 mortem
544 3731 749 3795 Demonactis
779 3731 861 3795 alius
889 3731 1097 3814 philosophus
1126 3736 1157 3794 et
1186 3731 1263 3795 haec

149 3836 362 3900 Demonactea
391 3841 423 3899 et
450 3837 518 3900 sine
549 3835 645 3902 dubio
676 3837 738 3898 alia
769 3836 895 3919 generis
924 3834 1065 3916 ejusdem
1094 3836 1128 3897 in
1158 3836 1263 3899 iucem

149 3941 285 4004 edidisse
308 3941 495 4004 censendus
508 3941 574 4004 est'
608 3941 724 4023 itaque
745 3939 877 4002 fortasse
897 3938 1125 4022 discipulorum
1147 3940 1263 4022 aliquis

149 4045 227 4108 haec
246 4064 288 4108 ex
305 4065 360 4108 ore
377 4046 521 4128 magistri
540 4050 673 4127 excepta
690 4045 790 4108 literis
809 4042 981 4106 mandavit.
1019 4044 1138 4108 Tamen
1157 4045 1263 4108 nescio
