2820 4606
615 219 832 275 ,10-

258 389 458 453 Adverbium
489 385 620 464 ‘ditor’
657 391 838 473 saepissime
871 409 889 451 a
917 387 1056 452 Luciano
1088 390 1277 468 usurpatum

171 513 237 556 non
265 495 428 557 invenitur
458 499 563 556 tamen
590 495 625 556 in
656 495 811 577 Apologia
837 513 895 576 pro
924 492 1067 557 mercede
1095 491 1184 554 cond.
1215 491 1278 554 Pro

170 597 262 680 lapsu
297 598 421 661 Baccho
457 598 596 662 Hercule
627 598 749 661 Verar.
782 599 879 661 Hist.
913 599 932 660 l.
958 598 988 679 Ι,
1014 596 1059 678 ΙΙ,
1093 595 1277 658 Alexandro

170 701 405 785 Icaromenippo
431 701 642 765 Oronosolone
670 703 721 782 al.;
751 704 835 766 inest
858 721 933 765 vero
963 703 997 762 in
1027 700 1174 764 omnibus
1197 700 1275 762 illis:

170 805 310 890 Dialogis
337 806 430 870 Deor.
458 811 489 870 et
514 806 605 870 Mort.
633 802 777 870 'Charone
807 806 894 870 Gallo
923 806 980 869 Bis
1009 805 1167 869 Accusata
1195 806 1277 869 Her-

169 912 298 974 motimo
320 911 450 974 Timone
472 911 549 974 aliis.

255 1014 403 1098 Denique
424 1015 557 1079 fortasse
578 1017 814 1079 commemorari
834 1021 951 1099 potest,
974 1015 1160 1099 particulam
1183 1013 1222 1101 δὴ
1243 1016 1275 1077 in

170 1120 308 1202 scriptis,
347 1138 428 1203 quae
461 1122 626 1202 posteriori
661 1123 755 1184 aetati
788 1121 1016 1185 Samosatensis
1051 1119 1276 1201 attribuemus,

169 1243 336 1306 nunquam
366 1225 406 1287 ad
433 1227 657 1306 imperativum
687 1226 775 1288 addi:
809 1227 844 1287 in
865 1214 1021 1307 Apologia
1048 1243 1105 1306 pro
1133 1224 1277 1286 mercede

170 1329 259 1390 cond.
282 1329 345 1392 Pro
367 1313 460 1412 lapsu
483 1329 607 1392 Baccho
629 1329 769 1393 Hercule
789 1329 973 1392 Alexandro
995 1328 1070 1390 Ver.
1090 1328 1173 1391 Hist.
1193 1327 1219 1409 Ι,
1234 1327 1276 1410 ΙΙ,

169 1432 408 1517 Icaromenippo
438 1433 650 1498 Oronosolone
681 1421 903 1498 Saturnalibus
930 1433 1029 1516 Epist.
1053 1433 1178 1496 Saturn.
1202 1432 1276 1495 Phi-

168 1538 319 1620 lopseude
329 1538 505 1603 Rhetorum
519 1547 720 1624 praeceptore
736 1540 774 1603 de
789 1545 888 1603 morte
903 1540 1067 1623 Peregrini
1082 1539 1120 1602 de
1134 1539 1277 1602 mercede

170 1644 359 1706 conductis.¹
386 1642 517 1726 Saepius
540 1647 747 1728 coniungitur
768 1643 807 1731 δὴ
829 1665 902 1708 cum
922 1645 1124 1726 imperativo:
1147 1645 1183 1706 in
1203 1642 1277 1706 Dia-

168 1747 248 1830 logis
287 1747 487 1811 Mortuerum
525 1749 613 1814 Gallo
649 1750 796 1813 Vitarum
832 1751 991 1814 Auctione
1023 1749 1183 1812 Piscatore
1219 1748 1276 1812 Bis

168 1851 327 1915 Accusata
350 1852 558 1917 Hermotimo.

255 1957 432 2022 Lucianum
454 1961 625 2043 posteriore
648 1966 762 2043 aetate,
785 1960 870 2044 quod
886 1959 926 2023 ad
941 1958 1097 2024 scribendi
1114 1961 1276 2023 materiam
1294 1961 1297 1972 '

168 2063 294 2145 attinet,
330 2066 461 2146 propius
495 2067 662 2129 accessisse
695 2065 734 2129 ad
768 2067 935 2150 scriptores
968 2083 1185 2146 romanenses‚
1221 2065 1275 2146 qui

169 2167 332 2249 dicuntur,
355 2170 463 2251 eisque
486 2171 617 2251 similes,
646 2171 763 2252 optime
783 2191 856 2234 cum
877 2172 913 2232 in
935 2162 1060 2232 Baccho
1082 2174 1114 2232 et
1136 2169 1275 2232 Hercule

167 2272 230 2333 iam
253 2273 420 2356 sentimus,
441 2278 510 2336 tum
531 2275 566 2336 in
589 2273 729 2356 Electm,
752 2274 978 2356 Philopseude‚
1000 2273 1246 2357 Icaromenippo.

254 2377 363 2460 Atque
394 2378 518 2441 eosdem
549 2378 727 2442 Lucianum
757 2398 793 2442 eo
824 2384 978 2462 tempore,
1009 2398 1072 2461 quo
1094 2378 1168 2440 Ver.
1191 2378 1274 2441 Hist.

168 2483 366 2565 conscripsit,
385 2483 491 2546 studio
507 2503 543 2547 ac
556 2481 663 2546 favore
681 2485 862 2567 amplexum
879 2503 947 2547 esse
963 2487 1104 2566 apparet:
1128 2502 1276 2565 magnam

167 2587 252 2648 enim
281 2591 403 2668 partem
434 2607 556 2670 eorum,
589 2608 670 2671 quae
699 2591 734 2651 in
754 2589 829 2652 Ver.
852 2588 935 2652 Hist.
964 2590 1100 2669 iocatur,
1131 2585 1276 2650 eOtesia

166 2688 299 2753 fluxisse
322 2693 456 2775 scriptor
477 2693 544 2774 ipse
567 2693 685 2757 indicat
707 2694 737 2776 Ι,
757 2696 791 2773 3,
815 2699 852 2757 ut
870 2695 1066 2756 narrationes
1082 2691 1120 2756 de
1135 2692 1275 2756 fontibus

118 2799 121 2803 ’
166 2795 364 2860 mirabilibus
383 2798 418 2858 in
436 2796 511 2860 Ver.
526 2798 609 2862 Hist.
628 2798 658 2881 Ι,
676 2800 693 2861 7
710 2804 742 2862 et
755 2796 802 2882 Π,
820 2800 859 2861 16
883 2799 971 2862 haud
993 2796 1088 2861 dubie
1110 2798 1275 2860 imitantur

167 2900 326 2963 medicum
353 2901 459 2984 illum,
492 2905 548 2985 qui
577 2903 783 2967 delentibus
810 2903 968 2987 permulta
990 2903 1148 2986 congessit
1169 2902 1276 2966 mira²

166 3003 279 3085 ltaque
302 3023 371 3068 eam
393 3026 521 3090 quoque
542 3009 813 3072 narratiunculam
836 3008 874 3072 de
896 3008 982 3071 fonte
1005 3007 1117 3088 Sileni,
1138 3026 1219 3090 quae
1241 3008 1275 3068 in

167 3107 292 3171 Baccho
315 3114 377 3192 est,
401 3130 418 3174 e
442 3111 546 3176 Ctesia
567 3120 762 3198 assumptam
784 3132 852 3177 esse
874 3113 1035 3196 probabile
1058 3116 1122 3190 est;
1148 3116 1274 3175 etcum

167 3213 281 3276 similia
304 3216 444 3297 exceptis
467 3216 516 3281 his
538 3216 663 3281 duobus
684 3217 797 3281 libellis
820 3218 905 3301 apud
931 3222 1077 3280 nostrum
1099 3235 1164 3278 non
1186 3217 1274 3278 inve-

166 3317 309 3400 niantur,
337 3318 396 3381 hoc
420 3339 548 3403 quoque
571 3327 793 3404 argumentum
818 3322 884 3385 fore
906 3323 1030 3404 putari,
1059 3320 1222 3383 Bacchum
1244 3323 1275 3382 et

166 3420 240 3484 Ver.
263 3422 346 3486 Hist.
368 3423 466 3488 libros
488 3444 553 3488 uno
577 3430 716 3508 tempore
739 3427 872 3510 scriptos
894 3445 969 3490 esse.

253 3526 321 3590 Nec
357 3548 431 3592 vero
469 3549 594 3594 omnem
628 3530 767 3595 fructum
802 3551 842 3595 ex
877 3529 1115 3594 narratiuncula
1145 3529 1201 3592 illa
1233 3547 1275 3591 ex

168 3629 282 3700 Bacch.
306 3633 369 3694 cl
401 3633 566 3718 desumpta
592 3636 655 3698 iam
680 3637 879 3719 percepimus
906 3639 1031 3698 nostrae
1051 3634 1272 3716 disputationi:

255 3802 282 3869 1)
300 3821 327 3856 v.
342 3820 424 3858 merc.
440 3807 516 3860 cond.
537 3822 559 3860 c.
573 3806 590 3860 6
609 3808 669 3876 φέρ’
683 3804 742 3871 οὖν,
760 3824 783 3861 o.
799 3807 833 3861 10
850 3806 910 3876 φέρ’
924 3807 976 3872 ἤδη
994 3822 1041 3875 pro
1059 3810 1125 3875 φέρε
1142 3805 1184 3870 δὴ,
1203 3806 1274 3875 quod

171 3888 237 3943 alibi
256 3907 335 3958 saepe
354 3892 462 3961 legitur.

255 3977 281 4046 2)
301 3979 334 4032 cf.
354 3979 481 4048 Indice,
500 3980 541 4048 10,
562 3980 603 4048 14,
621 3979 663 4048 30,
686 3981 779 4049 fragm.
799 3981 841 4048 39,
859 3981 895 4035 40
914 3980 1013 4049 (Lien).
1051 3981 1175 4035 Traditur
1193 3979 1275 4034 etiam

166 4064 254 4118 totum
271 4064 371 4120 librum
391 4069 454 4136 περὶ
474 4075 608 4137 ποταμῶν
625 4067 775 4136 scripsisse.
