<?xml version="1.0" encoding="UTF-8"?>
<!DOCTYPE html PUBLIC "-//W3C//DTD XHTML 1.0 Transitional//EN"
    "http://www.w3.org/TR/xhtml1/DTD/xhtml1-transitional.dtd">
<html xmlns="http://www.w3.org/1999/xhtml" xml:lang="en" lang="en">
 <head>
  <title>
</title>
<meta http-equiv="Content-Type" content="text/html;charset=utf-8" />
  <meta name='ocr-system' content='tesseract 3.04.00' />
  <meta name='ocr-capabilities' content='ocr_page ocr_carea ocr_par ocr_line ocrx_word'/>
</head>
<body>
  <div class='ocr_page' id='page_1' title='image "./quaestionumluci00thimgoog_0078.png"; bbox 0 0 2820 4606; ppageno 0'>
   <div class='ocr_carea' id='block_1_1' title="bbox 555 223 771 281">
    <p class='ocr_par' dir='ltr' id='par_1_1' title="bbox 555 223 771 281">
     <span class='ocr_line' id='line_1_1' title="bbox 555 223 771 281; baseline 0.005 -20"><span class='ocrx_word' id='word_1_1' title='bbox 555 223 771 281; x_wconf 72' lang='lat'><strong>..43-</strong></span> 
     </span>
    </p>
   </div>
   <div class='ocr_carea' id='block_1_2' title="bbox 102 389 1219 2673">
    <p class='ocr_par' dir='ltr' id='par_1_2' title="bbox 107 389 1219 2149">
     <span class='ocr_line' id='line_1_2' title="bbox 200 389 1215 474; baseline 0.003 -20"><span class='ocrx_word' id='word_1_2' title='bbox 200 389 346 455; x_wconf 82' lang='lat' dir='ltr'>Secundo</span> <span class='ocrx_word' id='word_1_3' title='bbox 373 391 442 454; x_wconf 89' lang='lat' dir='ltr'>loco</span> <span class='ocrx_word' id='word_1_4' title='bbox 465 391 693 474; x_wconf 79' lang='lat' dir='ltr'>Schwarzius,¹</span> <span class='ocrx_word' id='word_1_5' title='bbox 725 396 760 455; x_wconf 91' lang='lat' dir='ltr'>ut</span> <span class='ocrx_word' id='word_1_6' title='bbox 781 391 877 455; x_wconf 92' lang='lat' dir='ltr'>fidem</span> <span class='ocrx_word' id='word_1_7' title='bbox 899 393 1079 457; x_wconf 82' lang='lat' dir='ltr'>historicam</span> <span class='ocrx_word' id='word_1_8' title='bbox 1100 393 1215 457; x_wconf 88' lang='lat' dir='ltr'>Demo-</span> 
     </span>
     <span class='ocr_line' id='line_1_3' title="bbox 110 496 1216 581; baseline 0.003 -23"><span class='ocrx_word' id='word_1_9' title='bbox 110 496 198 558; x_wconf 89' lang='lat' dir='ltr'>nacti</span> <span class='ocrx_word' id='word_1_10' title='bbox 225 496 412 580; x_wconf 90' lang='lat' dir='ltr'>philosopho</span> <span class='ocrx_word' id='word_1_11' title='bbox 440 496 597 579; x_wconf 90' lang='lat' dir='ltr'>detrahat,</span> <span class='ocrx_word' id='word_1_12' title='bbox 630 497 747 560; x_wconf 92' lang='lat' dir='ltr'>mirum</span> <span class='ocrx_word' id='word_1_13' title='bbox 778 515 845 560; x_wconf 88' lang='lat' dir='ltr'>essa</span> <span class='ocrx_word' id='word_1_14' title='bbox 876 497 964 580; x_wconf 89' lang='lat' dir='ltr'>dicit,</span> <span class='ocrx_word' id='word_1_15' title='bbox 999 497 1084 581; x_wconf 91' lang='lat' dir='ltr'>quod</span> <span class='ocrx_word' id='word_1_16' title='bbox 1112 514 1216 581; x_wconf 88' lang='lat' dir='ltr'>neque</span> 
     </span>
     <span class='ocr_line' id='line_1_4' title="bbox 109 600 1216 685; baseline 0.003 -22"><span class='ocrx_word' id='word_1_17' title='bbox 109 600 292 682; x_wconf 79' lang='lat' dir='ltr'>aequalium</span> <span class='ocrx_word' id='word_1_18' title='bbox 325 620 431 684; x_wconf 90' lang='lat' dir='ltr'>neque</span> <span class='ocrx_word' id='word_1_19' title='bbox 458 603 695 684; x_wconf 78' lang='lat' dir='ltr'>insequentium</span> <span class='ocrx_word' id='word_1_20' title='bbox 725 603 912 685; x_wconf 89' lang='lat' dir='ltr'>scriptorum</span> <span class='ocrx_word' id='word_1_21' title='bbox 944 604 1114 685; x_wconf 91' lang='lat' dir='ltr'>quisquam</span> <span class='ocrx_word' id='word_1_22' title='bbox 1144 608 1216 667; x_wconf 88' lang='lat' dir='ltr'>ante</span> 
     </span>
     <span class='ocr_line' id='line_1_5' title="bbox 109 705 1217 789; baseline 0.002 -21"><span class='ocrx_word' id='word_1_23' title='bbox 109 705 295 789; x_wconf 81' lang='lat' dir='ltr'>Eunapium</span> <span class='ocrx_word' id='word_1_24' title='bbox 317 708 528 770; x_wconf 83' lang='lat' dir='ltr'>nominaverit</span> <span class='ocrx_word' id='word_1_25' title='bbox 549 706 644 769; x_wconf 90' lang='lat' dir='ltr'>talem</span> <span class='ocrx_word' id='word_1_26' title='bbox 665 708 784 789; x_wconf 87' lang='lat' dir='ltr'>virum,</span> <span class='ocrx_word' id='word_1_27' title='bbox 808 707 863 788; x_wconf 92' lang='lat' dir='ltr'>qui</span> <span class='ocrx_word' id='word_1_28' title='bbox 886 706 1072 770; x_wconf 86' lang='lat' dir='ltr'>seditionem</span> <span class='ocrx_word' id='word_1_29' title='bbox 1092 709 1128 769; x_wconf 93' lang='lat' dir='ltr'>in</span> <span class='ocrx_word' id='word_1_30' title='bbox 1143 727 1217 771; x_wconf 92' lang='lat' dir='ltr'>con-</span> 
     </span>
     <span class='ocr_line' id='line_1_6' title="bbox 107 810 1217 896; baseline 0.002 -23"><span class='ocrx_word' id='word_1_31' title='bbox 107 811 228 873; x_wconf 89' lang='lat' dir='ltr'>tionem</span> <span class='ocrx_word' id='word_1_32' title='bbox 250 830 436 894; x_wconf 82' lang='lat' dir='ltr'>progressus</span> <span class='ocrx_word' id='word_1_33' title='bbox 458 810 643 892; x_wconf 87' lang='lat' dir='ltr'>sedavisset,</span> <span class='ocrx_word' id='word_1_34' title='bbox 668 812 723 893; x_wconf 93' lang='lat' dir='ltr'>qui</span> <span class='ocrx_word' id='word_1_35' title='bbox 738 815 802 874; x_wconf 88' lang='lat' dir='ltr'>toto</span> <span class='ocrx_word' id='word_1_36' title='bbox 817 811 932 895; x_wconf 91' lang='lat' dir='ltr'>populo</span> <span class='ocrx_word' id='word_1_37' title='bbox 947 810 1073 894; x_wconf 90' lang='lat' dir='ltr'>publice</span> <span class='ocrx_word' id='word_1_38' title='bbox 1088 812 1217 896; x_wconf 85' lang='lat' dir='ltr'>lugente</span> 
     </span>
     <span class='ocr_line' id='line_1_7' title="bbox 107 915 1217 999; baseline 0.002 -22"><span class='ocrx_word' id='word_1_39' title='bbox 107 920 272 997; x_wconf 89' lang='lat' dir='ltr'>mortuus,</span> <span class='ocrx_word' id='word_1_40' title='bbox 308 919 418 998; x_wconf 90' lang='lat' dir='ltr'>postea</span> <span class='ocrx_word' id='word_1_41' title='bbox 454 915 531 978; x_wconf 87' lang='lat' dir='ltr'>adeo</span> <span class='ocrx_word' id='word_1_42' title='bbox 565 916 672 979; x_wconf 91' lang='lat' dir='ltr'>cultus</span> <span class='ocrx_word' id='word_1_43' title='bbox 705 920 803 998; x_wconf 92' lang='lat' dir='ltr'>esset,</span> <span class='ocrx_word' id='word_1_44' title='bbox 838 920 876 979; x_wconf 91' lang='lat' dir='ltr'>ut</span> <span class='ocrx_word' id='word_1_45' title='bbox 907 915 987 999; x_wconf 89' lang='lat' dir='ltr'>lapis</span> <span class='ocrx_word' id='word_1_46' title='bbox 1021 935 1083 998; x_wconf 91' lang='lat' dir='ltr'>quo</span> <span class='ocrx_word' id='word_1_47' title='bbox 1114 916 1217 979; x_wconf 87' lang='lat' dir='ltr'>fessus</span> 
     </span>
     <span class='ocr_line' id='line_1_8' title="bbox 108 1018 1218 1102; baseline 0 -20"><span class='ocrx_word' id='word_1_48' title='bbox 108 1020 310 1100; x_wconf 80' lang='lat' dir='ltr'>acquiescere</span> <span class='ocrx_word' id='word_1_49' title='bbox 339 1019 450 1083; x_wconf 89' lang='lat' dir='ltr'>solitus</span> <span class='ocrx_word' id='word_1_50' title='bbox 478 1025 573 1102; x_wconf 87' lang='lat' dir='ltr'>esset,</span> <span class='ocrx_word' id='word_1_51' title='bbox 603 1019 795 1083; x_wconf 89' lang='lat' dir='ltr'>adoraretur.</span> <span class='ocrx_word' id='word_1_52' title='bbox 840 1019 937 1102; x_wconf 87' lang='lat' dir='ltr'>Male,</span> <span class='ocrx_word' id='word_1_53' title='bbox 966 1021 1029 1084; x_wconf 89' lang='lat' dir='ltr'>nisi</span> <span class='ocrx_word' id='word_1_54' title='bbox 1057 1038 1108 1082; x_wconf 92' lang='lat' dir='ltr'>me</span> <span class='ocrx_word' id='word_1_55' title='bbox 1136 1018 1218 1082; x_wconf 85' lang='lat' dir='ltr'>fallit</span> 
     </span>
     <span class='ocr_line' id='line_1_9' title="bbox 108 1123 1217 1207; baseline 0.001 -21"><span class='ocrx_word' id='word_1_56' title='bbox 108 1125 250 1207; x_wconf 88' lang='lat' dir='ltr'>animus,</span> <span class='ocrx_word' id='word_1_57' title='bbox 271 1125 405 1188; x_wconf 83' lang='lat' dir='ltr'>miratus</span> <span class='ocrx_word' id='word_1_58' title='bbox 424 1129 479 1188; x_wconf 89' lang='lat' dir='ltr'>est.</span> <span class='ocrx_word' id='word_1_59' title='bbox 526 1123 666 1200; x_wconf 76' lang='lat' dir='ltr'>Quaero:</span> <span class='ocrx_word' id='word_1_60' title='bbox 696 1126 767 1206; x_wconf 94' lang='lat' dir='ltr'>quis</span> <span class='ocrx_word' id='word_1_61' title='bbox 788 1123 915 1187; x_wconf 90' lang='lat' dir='ltr'>tandem</span> <span class='ocrx_word' id='word_1_62' title='bbox 938 1129 1012 1188; x_wconf 88' lang='lat' dir='ltr'>ante</span> <span class='ocrx_word' id='word_1_63' title='bbox 1033 1123 1217 1207; x_wconf 81' lang='lat' dir='ltr'>Eunapium</span> 
     </span>
     <span class='ocr_line' id='line_1_10' title="bbox 108 1228 1217 1312; baseline 0.001 -21"><span class='ocrx_word' id='word_1_64' title='bbox 108 1228 287 1292; x_wconf 87' lang='lat' dir='ltr'>Lucianum</span> <span class='ocrx_word' id='word_1_65' title='bbox 313 1231 420 1312; x_wconf 93' lang='lat' dir='ltr'>ipsum</span> <span class='ocrx_word' id='word_1_66' title='bbox 442 1231 723 1293; x_wconf 81' lang='lat' dir='ltr'>commemorarit?</span> <span class='ocrx_word' id='word_1_67' title='bbox 768 1229 883 1311; x_wconf 89' lang='lat' dir='ltr'>Nemo,</span> <span class='ocrx_word' id='word_1_68' title='bbox 910 1248 1014 1311; x_wconf 91' lang='lat' dir='ltr'>neque</span> <span class='ocrx_word' id='word_1_69' title='bbox 1036 1229 1217 1311; x_wconf 84' lang='lat' dir='ltr'>aequalium</span> 
     </span>
     <span class='ocr_line' id='line_1_11' title="bbox 108 1333 1219 1418; baseline -0.001 -21"><span class='ocrx_word' id='word_1_70' title='bbox 108 1353 215 1418; x_wconf 90' lang='lat' dir='ltr'>noque</span> <span class='ocrx_word' id='word_1_71' title='bbox 246 1338 451 1417; x_wconf 86' lang='lat' dir='ltr'>posterorum.</span> <span class='ocrx_word' id='word_1_72' title='bbox 497 1333 580 1397; x_wconf 89' lang='lat' dir='ltr'>Olim</span> <span class='ocrx_word' id='word_1_73' title='bbox 609 1355 661 1398; x_wconf 84' lang='lat' dir='ltr'>vr.</span> <span class='ocrx_word' id='word_1_74' title='bbox 685 1334 734 1397; x_wconf 90' lang='lat' dir='ltr'>dd.</span> <span class='ocrx_word' id='word_1_75' title='bbox 763 1334 823 1397; x_wconf 92' lang='lat' dir='ltr'>hoc</span> <span class='ocrx_word' id='word_1_76' title='bbox 846 1334 1004 1418; x_wconf 83' lang='lat' dir='ltr'>explicare</span> <span class='ocrx_word' id='word_1_77' title='bbox 1025 1334 1219 1397; x_wconf 86' lang='lat' dir='ltr'>studuenmt</span> 
     </span>
     <span class='ocr_line' id='line_1_12' title="bbox 109 1437 1218 1524; baseline -0.002 -22"><span class='ocrx_word' id='word_1_78' title='bbox 109 1457 161 1521; x_wconf 88' lang='lat' dir='ltr'>eo,</span> <span class='ocrx_word' id='word_1_79' title='bbox 189 1442 227 1501; x_wconf 90' lang='lat' dir='ltr'>ut</span> <span class='ocrx_word' id='word_1_80' title='bbox 249 1438 402 1521; x_wconf 78' lang='lat' dir='ltr'>dicerent,</span> <span class='ocrx_word' id='word_1_81' title='bbox 431 1439 658 1503; x_wconf 89' lang='lat' dir='ltr'>Philostratum</span> <span class='ocrx_word' id='word_1_82' title='bbox 680 1439 809 1524; x_wconf 85' lang='lat' dir='ltr'>omnino</span> <span class='ocrx_word' id='word_1_83' title='bbox 833 1437 871 1502; x_wconf 88' lang='lat' dir='ltr'>de</span> <span class='ocrx_word' id='word_1_84' title='bbox 895 1457 931 1502; x_wconf 89' lang='lat' dir='ltr'>eo</span> <span class='ocrx_word' id='word_1_85' title='bbox 954 1439 1103 1520; x_wconf 81' lang='lat' dir='ltr'>tacuisse,</span> <span class='ocrx_word' id='word_1_86' title='bbox 1133 1438 1218 1521; x_wconf 93' lang='lat' dir='ltr'>quod</span> 
     </span>
     <span class='ocr_line' id='line_1_13' title="bbox 107 1541 1218 1628; baseline -0.001 -22"><span class='ocrx_word' id='word_1_87' title='bbox 107 1542 250 1606; x_wconf 80' lang='lat' dir='ltr'>Lucieno</span> <span class='ocrx_word' id='word_1_88' title='bbox 281 1542 320 1606; x_wconf 94' lang='lat' dir='ltr'>ob</span> <span class='ocrx_word' id='word_1_89' title='bbox 350 1545 470 1628; x_wconf 85' lang='lat' dir='ltr'>ingenii</span> <span class='ocrx_word' id='word_1_90' title='bbox 497 1545 681 1606; x_wconf 88' lang='lat' dir='ltr'>varietatem</span> <span class='ocrx_word' id='word_1_91' title='bbox 708 1543 852 1607; x_wconf 81' lang='lat' dir='ltr'>infensus</span> <span class='ocrx_word' id='word_1_92' title='bbox 881 1543 1001 1606; x_wconf 87' lang='lat' dir='ltr'>fuisset.</span> <span class='ocrx_word' id='word_1_93' title='bbox 1054 1541 1116 1606; x_wconf 85' lang='lat' dir='ltr'>Sed</span> <span class='ocrx_word' id='word_1_94' title='bbox 1145 1561 1218 1605; x_wconf 93' lang='lat' dir='ltr'>cum</span> 
     </span>
     <span class='ocr_line' id='line_1_14' title="bbox 107 1646 1219 1731; baseline -0.001 -20"><span class='ocrx_word' id='word_1_95' title='bbox 107 1666 150 1711; x_wconf 92' lang='lat' dir='ltr'>ne</span> <span class='ocrx_word' id='word_1_96' title='bbox 183 1647 244 1709; x_wconf 90' lang='lat' dir='ltr'>hoc</span> <span class='ocrx_word' id='word_1_97' title='bbox 280 1646 408 1729; x_wconf 92' lang='lat' dir='ltr'>quidem</span> <span class='ocrx_word' id='word_1_98' title='bbox 442 1647 655 1711; x_wconf 90' lang='lat' dir='ltr'>demonstrare</span> <span class='ocrx_word' id='word_1_99' title='bbox 691 1648 867 1731; x_wconf 91' lang='lat' dir='ltr'>potuerint,</span> <span class='ocrx_word' id='word_1_100' title='bbox 903 1648 981 1709; x_wconf 88' lang='lat' dir='ltr'>mihi</span> <span class='ocrx_word' id='word_1_101' title='bbox 1014 1646 1219 1710; x_wconf 85' lang='lat' dir='ltr'>verisimilius</span> 
     </span>
     <span class='ocr_line' id='line_1_15' title="bbox 109 1750 1219 1835; baseline -0.001 -20"><span class='ocrx_word' id='word_1_102' title='bbox 109 1750 244 1834; x_wconf 84' lang='lat' dir='ltr'>ridetur,</span> <span class='ocrx_word' id='word_1_103' title='bbox 261 1752 488 1816; x_wconf 88' lang='lat' dir='ltr'>Philostratum</span> <span class='ocrx_word' id='word_1_104' title='bbox 503 1754 652 1834; x_wconf 82' lang='lat' dir='ltr'>tacuisse,</span> <span class='ocrx_word' id='word_1_105' title='bbox 674 1751 760 1834; x_wconf 91' lang='lat' dir='ltr'>quod</span> <span class='ocrx_word' id='word_1_106' title='bbox 775 1753 905 1815; x_wconf 90' lang='lat' dir='ltr'>omnino</span> <span class='ocrx_word' id='word_1_107' title='bbox 921 1751 1090 1835; x_wconf 85' lang='lat' dir='ltr'>pauoailla</span> <span class='ocrx_word' id='word_1_108' title='bbox 1105 1752 1219 1835; x_wconf 91' lang='lat' dir='ltr'>scripta</span> 
     </span>
     <span class='ocr_line' id='line_1_16' title="bbox 114 1856 1219 1940; baseline -0.002 -21"><span class='ocrx_word' id='word_1_109' title='bbox 114 1856 280 1938; x_wconf 87' lang='lat' dir='ltr'>sophistica</span> <span class='ocrx_word' id='word_1_110' title='bbox 308 1857 360 1919; x_wconf 88' lang='lat' dir='ltr'>vel</span> <span class='ocrx_word' id='word_1_111' title='bbox 389 1857 544 1920; x_wconf 89' lang='lat' dir='ltr'>rhetorica</span> <span class='ocrx_word' id='word_1_112' title='bbox 572 1878 589 1920; x_wconf 91' lang='lat' dir='ltr'>a</span> <span class='ocrx_word' id='word_1_113' title='bbox 611 1856 752 1920; x_wconf 84' lang='lat' dir='ltr'>Lucieno</span> <span class='ocrx_word' id='word_1_114' title='bbox 774 1857 951 1940; x_wconf 83' lang='lat' dir='ltr'>conscripta</span> <span class='ocrx_word' id='word_1_115' title='bbox 974 1875 1042 1920; x_wconf 89' lang='lat' dir='ltr'>esse</span> <span class='ocrx_word' id='word_1_116' title='bbox 1065 1857 1219 1938; x_wconf 91' lang='lat' dir='ltr'>nesciens,</span> 
     </span>
     <span class='ocr_line' id='line_1_17' title="bbox 118 1959 1219 2044; baseline 0.003 -23"><span class='ocrx_word' id='word_1_117' title='bbox 118 1977 186 2021; x_wconf 88' lang='lat' dir='ltr'>enm</span> <span class='ocrx_word' id='word_1_118' title='bbox 204 1960 236 2022; x_wconf 94' lang='lat' dir='ltr'>in</span> <span class='ocrx_word' id='word_1_119' title='bbox 262 1979 395 2024; x_wconf 91' lang='lat' dir='ltr'>numero</span> <span class='ocrx_word' id='word_1_120' title='bbox 418 1961 630 2044; x_wconf 81' lang='lat' dir='ltr'>sophistarum</span> <span class='ocrx_word' id='word_1_121' title='bbox 650 1962 778 2024; x_wconf 90' lang='lat' dir='ltr'>omnino</span> <span class='ocrx_word' id='word_1_122' title='bbox 796 1980 861 2023; x_wconf 92' lang='lat' dir='ltr'>non</span> <span class='ocrx_word' id='word_1_123' title='bbox 880 1960 1017 2023; x_wconf 89' lang='lat' dir='ltr'>haberet.</span> <span class='ocrx_word' id='word_1_124' title='bbox 1058 1959 1219 2024; x_wconf 80' lang='lat' dir='ltr'>Lucienus</span> 
     </span>
     <span class='ocr_line' id='line_1_18' title="bbox 115 2064 1219 2149; baseline 0.001 -22"><span class='ocrx_word' id='word_1_125' title='bbox 115 2065 194 2127; x_wconf 89' lang='lat' dir='ltr'>enim</span> <span class='ocrx_word' id='word_1_126' title='bbox 222 2069 314 2128; x_wconf 86' lang='lat' dir='ltr'>tanta</span> <span class='ocrx_word' id='word_1_127' title='bbox 343 2067 552 2146; x_wconf 85' lang='lat' dir='ltr'>satyricorum</span> <span class='ocrx_word' id='word_1_128' title='bbox 579 2065 759 2130; x_wconf 90' lang='lat' dir='ltr'>libellorum</span> <span class='ocrx_word' id='word_1_129' title='bbox 788 2067 920 2149; x_wconf 87' lang='lat' dir='ltr'>scriptor</span> <span class='ocrx_word' id='word_1_130' title='bbox 949 2065 1050 2149; x_wconf 85' lang='lat' dir='ltr'>gloria</span> <span class='ocrx_word' id='word_1_131' title='bbox 1078 2064 1219 2147; x_wconf 89' lang='lat' dir='ltr'>florebat,</span> 
     </span>
    </p>

    <p class='ocr_par' dir='ltr' id='par_1_3' title="bbox 102 2168 1219 2673">
     <span class='ocr_line' id='line_1_19' title="bbox 111 2168 1219 2254; baseline 0 -21"><span class='ocrx_word' id='word_1_132' title='bbox 111 2168 378 2233; x_wconf 75' lang='lat' dir='ltr'>utmediocrem⁹</span> <span class='ocrx_word' id='word_1_133' title='bbox 400 2171 486 2233; x_wconf 91' lang='lat' dir='ltr'>illam</span> <span class='ocrx_word' id='word_1_134' title='bbox 508 2190 604 2254; x_wconf 90' lang='lat' dir='ltr'>quam</span> <span class='ocrx_word' id='word_1_135' title='bbox 620 2171 691 2234; x_wconf 89' lang='lat' dir='ltr'>rhet</span> <span class='ocrx_word' id='word_1_136' title='bbox 678 2175 727 2234; x_wconf 91' lang='lat' dir='ltr'>tor</span> <span class='ocrx_word' id='word_1_137' title='bbox 743 2170 975 2254; x_wconf 86' lang='lat' dir='ltr'>deportaverat</span> <span class='ocrx_word' id='word_1_138' title='bbox 998 2189 1075 2232; x_wconf 80' lang='lat' dir='ltr'>mox</span> <span class='ocrx_word' id='word_1_139' title='bbox 1089 2189 1219 2253; x_wconf 92' lang='lat' dir='ltr'>prorsus</span> 
     </span>
     <span class='ocr_line' id='line_1_20' title="bbox 107 2272 1219 2356; baseline -0.001 -19"><span class='ocrx_word' id='word_1_140' title='bbox 107 2272 308 2337; x_wconf 88' lang='lat' dir='ltr'>obliteratam</span> <span class='ocrx_word' id='word_1_141' title='bbox 340 2294 408 2339; x_wconf 90' lang='lat' dir='ltr'>esse</span> <span class='ocrx_word' id='word_1_142' title='bbox 439 2280 571 2339; x_wconf 91' lang='lat' dir='ltr'>consent</span> <span class='ocrx_word' id='word_1_143' title='bbox 572 2294 687 2340; x_wconf 88' lang='lat' dir='ltr'>aueum</span> <span class='ocrx_word' id='word_1_144' title='bbox 719 2277 767 2340; x_wconf 93' lang='lat' dir='ltr'>sit.</span> <span class='ocrx_word' id='word_1_145' title='bbox 747 2275 1036 2338; x_wconf 88' lang='lat' dir='ltr'>tPhilostratus</span> <span class='ocrx_word' id='word_1_146' title='bbox 1066 2293 1157 2356; x_wconf 88' lang='lat' dir='ltr'>vero,</span> <span class='ocrx_word' id='word_1_147' title='bbox 1192 2275 1219 2337; x_wconf 92' lang='lat' dir='ltr'>si</span> 
     </span>
     <span class='ocr_line' id='line_1_21' title="bbox 102 2324 1219 2463; baseline -0.002 -21"><span class='ocrx_word' id='word_1_148' title='bbox 102 2380 232 2463; x_wconf 86' lang='lat' dir='ltr'>privata</span> <span class='ocrx_word' id='word_1_149' title='bbox 269 2380 317 2441; x_wconf 90' lang='lat' dir='ltr'>ira</span> <span class='ocrx_word' id='word_1_150' title='bbox 353 2380 397 2442; x_wconf 87' lang='lat' dir='ltr'>ita</span> <span class='ocrx_word' id='word_1_151' title='bbox 435 2379 619 2444; x_wconf 88' lang='lat' dir='ltr'>obcaecatus</span> <span class='ocrx_word' id='word_1_152' title='bbox 655 2380 781 2462; x_wconf 66' lang='lat' dir='ltr'>diisset,</span> <span class='ocrx_word' id='word_1_153' title='bbox 754 2384 901 2443; x_wconf 84' lang='lat' dir='ltr'>toarte</span> <span class='ocrx_word' id='word_1_154' title='bbox 936 2399 960 2444; x_wconf 89' lang='lat' dir='ltr'>e.</span> <span class='ocrx_word' id='word_1_155' title='bbox 991 2398 1015 2444; x_wconf 90' lang='lat' dir='ltr'>c</span> <span class='ocrx_word' id='word_1_156' title='bbox 1046 2324 1219 2461; x_wconf 84' lang='lat' dir='ltr'>Aspasium</span> 
     </span>
     <span class='ocr_line' id='line_1_22' title="bbox 109 2483 1219 2568; baseline -0.001 -22"><span class='ocrx_word' id='word_1_157' title='bbox 109 2484 299 2567; x_wconf 87' lang='lat' dir='ltr'>sophistam,</span> <span class='ocrx_word' id='word_1_158' title='bbox 330 2485 386 2567; x_wconf 90' lang='lat' dir='ltr'>qui</span> <span class='ocrx_word' id='word_1_159' title='bbox 408 2486 508 2567; x_wconf 92' lang='lat' dir='ltr'>ipsius</span> <span class='ocrx_word' id='word_1_160' title='bbox 529 2486 610 2568; x_wconf 85' lang='lat' dir='ltr'>patri</span> <span class='ocrx_word' id='word_1_161' title='bbox 632 2485 871 2548; x_wconf 90' lang='lat' dir='ltr'>inimicissimus</span> <span class='ocrx_word' id='word_1_162' title='bbox 898 2483 990 2566; x_wconf 77' lang='lat' dir='ltr'>sirit,3</span> <span class='ocrx_word' id='word_1_163' title='bbox 1016 2487 1071 2546; x_wconf 90' lang='lat' dir='ltr'>aut</span> <span class='ocrx_word' id='word_1_164' title='bbox 1093 2483 1219 2546; x_wconf 91' lang='lat' dir='ltr'>silentio</span> 
     </span>
     <span class='ocr_line' id='line_1_23' title="bbox 107 2588 1219 2673; baseline -0.002 -22"><span class='ocrx_word' id='word_1_165' title='bbox 107 2589 313 2673; x_wconf 87' lang='lat' dir='ltr'>praeterisset</span> <span class='ocrx_word' id='word_1_166' title='bbox 340 2594 396 2652; x_wconf 91' lang='lat' dir='ltr'>aut</span> <span class='ocrx_word' id='word_1_167' title='bbox 424 2591 452 2652; x_wconf 92' lang='lat' dir='ltr'>ei</span> <span class='ocrx_word' id='word_1_168' title='bbox 482 2589 715 2653; x_wconf 88' lang='lat' dir='ltr'>maledixisset:</span> <span class='ocrx_word' id='word_1_169' title='bbox 747 2594 884 2652; x_wconf 84' lang='lat' dir='ltr'>attamen</span> <span class='ocrx_word' id='word_1_170' title='bbox 914 2588 1073 2651; x_wconf 85' lang='lat' dir='ltr'>moderate</span> <span class='ocrx_word' id='word_1_171' title='bbox 1103 2592 1135 2651; x_wconf 89' lang='lat' dir='ltr'>et</span> <span class='ocrx_word' id='word_1_172' title='bbox 1162 2606 1219 2670; x_wconf 94' lang='lat' dir='ltr'>pro</span> 
     </span>
    </p>
   </div>
   <div class='ocr_carea' id='block_1_3' title="bbox 68 2831 1223 4131">
    <p class='ocr_par' dir='ltr' id='par_1_4' title="bbox 68 2831 1223 4131">
     <span class='ocr_line' id='line_1_24' title="bbox 201 2831 1222 2913; baseline 0 -17"><span class='ocrx_word' id='word_1_173' title='bbox 201 2844 229 2912; x_wconf 86' lang='lat'>1)</span> <span class='ocrx_word' id='word_1_174' title='bbox 252 2860 333 2912; x_wconf 89' lang='lat' dir='ltr'>quem</span> <span class='ocrx_word' id='word_1_175' title='bbox 356 2844 407 2898; x_wconf 92' lang='lat' dir='ltr'>hoc</span> <span class='ocrx_word' id='word_1_176' title='bbox 432 2831 541 2912; x_wconf 87' lang='lat' dir='ltr'>quidem</span> <span class='ocrx_word' id='word_1_177' title='bbox 566 2843 624 2898; x_wconf 91' lang='lat' dir='ltr'>loco</span> <span class='ocrx_word' id='word_1_178' title='bbox 650 2843 802 2913; x_wconf 87' lang='lat' dir='ltr'>Ziegelerus</span> <span class='ocrx_word' id='word_1_179' title='bbox 827 2844 962 2912; x_wconf 88' lang='lat' dir='ltr'>sequitur,</span> <span class='ocrx_word' id='word_1_180' title='bbox 992 2843 1085 2896; x_wconf 89' lang='lat' dir='ltr'>Jahrb.</span> <span class='ocrx_word' id='word_1_181' title='bbox 1108 2845 1126 2896; x_wconf 88' lang='lat' dir='ltr'>f.</span> <span class='ocrx_word' id='word_1_182' title='bbox 1150 2843 1222 2897; x_wconf 85' lang='lat' dir='ltr'>Phil.</span> 
     </span>
     <span class='ocr_line' id='line_1_25' title="bbox 110 2929 307 2999; baseline 0 -16"><span class='ocrx_word' id='word_1_183' title='bbox 110 2930 180 2985; x_wconf 88' lang='grc'><strong>1881</strong></span> <span class='ocrx_word' id='word_1_184' title='bbox 203 2948 230 2999; x_wconf 88' lang='lat' dir='ltr'>p.</span> <span class='ocrx_word' id='word_1_185' title='bbox 246 2929 307 2983; x_wconf 85' lang='lat'>334.</span> 
     </span>
     <span class='ocr_line' id='line_1_26' title="bbox 68 3016 1221 3087; baseline -0.002 -18"><span class='ocrx_word' id='word_1_186' title='bbox 68 3042 72 3047; x_wconf 89' lang='lat'><em>-</em></span> <span class='ocrx_word' id='word_1_187' title='bbox 162 3020 164 3025; x_wconf 88' lang='lat'>&#39;</span> <span class='ocrx_word' id='word_1_188' title='bbox 201 3016 229 3084; x_wconf 84' lang='lat'>2)</span> <span class='ocrx_word' id='word_1_189' title='bbox 246 3016 307 3071; x_wconf 89' lang='lat' dir='ltr'>Hoc</span> <span class='ocrx_word' id='word_1_190' title='bbox 328 3033 344 3070; x_wconf 89' lang='lat' dir='ltr'>e</span> <span class='ocrx_word' id='word_1_191' title='bbox 368 3017 510 3072; x_wconf 90' lang='lat' dir='ltr'>rhetoricis</span> <span class='ocrx_word' id='word_1_192' title='bbox 534 3035 603 3087; x_wconf 88' lang='lat' dir='ltr'>quae</span> <span class='ocrx_word' id='word_1_193' title='bbox 627 3019 772 3087; x_wconf 87' lang='lat' dir='ltr'>supersunt</span> <span class='ocrx_word' id='word_1_194' title='bbox 793 3016 937 3071; x_wconf 88' lang='lat' dir='ltr'>Lucianeis</span> <span class='ocrx_word' id='word_1_195' title='bbox 955 3016 1065 3084; x_wconf 86' lang='lat' dir='ltr'>scriptis</span> <span class='ocrx_word' id='word_1_196' title='bbox 1089 3016 1116 3068; x_wconf 90' lang='lat' dir='ltr'>et</span> <span class='ocrx_word' id='word_1_197' title='bbox 1138 3031 1172 3067; x_wconf 81' lang='lat' dir='ltr'>ex</span> <span class='ocrx_word' id='word_1_198' title='bbox 1191 3031 1221 3068; x_wconf 91' lang='lat' dir='ltr'>eo</span> 
     </span>
     <span class='ocr_line' id='line_1_27' title="bbox 109 3092 1222 3175; baseline -0.004 -17"><span class='ocrx_word' id='word_1_199' title='bbox 109 3104 184 3175; x_wconf 91' lang='lat' dir='ltr'>quod</span> <span class='ocrx_word' id='word_1_200' title='bbox 198 3103 361 3158; x_wconf 87' lang='lat' dir='ltr'>rhetoricam</span> <span class='ocrx_word' id='word_1_201' title='bbox 376 3092 521 3172; x_wconf 88' lang='lat' dir='ltr'>dereliquit</span> <span class='ocrx_word' id='word_1_202' title='bbox 534 3107 655 3160; x_wconf 89' lang='lat' dir='ltr'>constare</span> <span class='ocrx_word' id='word_1_203' title='bbox 669 3105 785 3173; x_wconf 79' lang='lat' dir='ltr'>videtin,</span> <span class='ocrx_word' id='word_1_204' title='bbox 803 3103 910 3158; x_wconf 88' lang='lat' dir='ltr'>etiamsi</span> <span class='ocrx_word' id='word_1_205' title='bbox 924 3103 1023 3158; x_wconf 82' lang='lat' dir='ltr'>Suidae</span> <span class='ocrx_word' id='word_1_206' title='bbox 1036 3101 1222 3156; x_wconf 89' lang='lat' dir='ltr'>testimonium</span> 
     </span>
     <span class='ocr_line' id='line_1_28' title="bbox 107 3188 1220 3261; baseline -0.004 -17"><span class='ocrx_word' id='word_1_207' title='bbox 107 3191 296 3261; x_wconf 84' lang='lat' dir='ltr'>neglegamus.</span> <span class='ocrx_word' id='word_1_208' title='bbox 340 3189 414 3256; x_wconf 78' lang='lat' dir='ltr'>Quae</span> <span class='ocrx_word' id='word_1_209' title='bbox 442 3191 579 3245; x_wconf 89' lang='lat' dir='ltr'>Lucianus</span> <span class='ocrx_word' id='word_1_210' title='bbox 605 3193 664 3260; x_wconf 89' lang='lat' dir='ltr'>ipse</span> <span class='ocrx_word' id='word_1_211' title='bbox 693 3193 725 3245; x_wconf 88' lang='lat' dir='ltr'>de</span> <span class='ocrx_word' id='word_1_212' title='bbox 753 3192 804 3246; x_wconf 87' lang='lat' dir='ltr'>hac</span> <span class='ocrx_word' id='word_1_213' title='bbox 830 3207 860 3244; x_wconf 88' lang='lat' dir='ltr'>re</span> <span class='ocrx_word' id='word_1_214' title='bbox 889 3191 967 3259; x_wconf 89' lang='lat' dir='ltr'>dicit,</span> <span class='ocrx_word' id='word_1_215' title='bbox 997 3207 1093 3259; x_wconf 90' lang='lat' dir='ltr'>parum</span> <span class='ocrx_word' id='word_1_216' title='bbox 1121 3188 1220 3243; x_wconf 80' lang='lat' dir='ltr'>valent.</span> 
     </span>
     <span class='ocr_line' id='line_1_29' title="bbox 108 3275 1222 3346; baseline -0.005 -14"><span class='ocrx_word' id='word_1_217' title='bbox 108 3277 273 3332; x_wconf 81' lang='lat' dir='ltr'>Rhetoricae</span> <span class='ocrx_word' id='word_1_218' title='bbox 292 3277 364 3330; x_wconf 91' lang='lat' dir='ltr'>enim</span> <span class='ocrx_word' id='word_1_219' title='bbox 382 3294 530 3345; x_wconf 76' lang='lat' dir='ltr'>sermome,</span> <span class='ocrx_word' id='word_1_220' title='bbox 554 3279 601 3346; x_wconf 92' lang='lat' dir='ltr'>qui</span> <span class='ocrx_word' id='word_1_221' title='bbox 623 3278 652 3332; x_wconf 89' lang='lat' dir='ltr'>in</span> <span class='ocrx_word' id='word_1_222' title='bbox 675 3279 724 3333; x_wconf 89' lang='lat' dir='ltr'>Bis</span> <span class='ocrx_word' id='word_1_223' title='bbox 741 3280 805 3332; x_wconf 88' lang='lat' dir='ltr'>Ace.</span> <span class='ocrx_word' id='word_1_224' title='bbox 824 3278 964 3346; x_wconf 80' lang='lat' dir='ltr'>legimtur,</span> <span class='ocrx_word' id='word_1_225' title='bbox 982 3277 1074 3346; x_wconf 83' lang='lat' dir='ltr'>magni</span> <span class='ocrx_word' id='word_1_226' title='bbox 1092 3275 1222 3328; x_wconf 82' lang='lat' dir='ltr'>momenti</span> 
     </span>
     <span class='ocr_line' id='line_1_30' title="bbox 110 3361 1222 3435; baseline -0.004 -14"><span class='ocrx_word' id='word_1_227' title='bbox 110 3382 173 3421; x_wconf 88' lang='lat' dir='ltr'>esse</span> <span class='ocrx_word' id='word_1_228' title='bbox 191 3381 270 3419; x_wconf 90' lang='lat' dir='ltr'>nemo</span> <span class='ocrx_word' id='word_1_229' title='bbox 290 3364 465 3419; x_wconf 88' lang='lat' dir='ltr'>existimabit.</span> <span class='ocrx_word' id='word_1_230' title='bbox 501 3365 615 3420; x_wconf 86' lang='lat' dir='ltr'>Restant</span> <span class='ocrx_word' id='word_1_231' title='bbox 632 3366 717 3435; x_wconf 85' lang='lat' dir='ltr'>igitur</span> <span class='ocrx_word' id='word_1_232' title='bbox 734 3365 782 3420; x_wconf 87' lang='lat' dir='ltr'>illa</span> <span class='ocrx_word' id='word_1_233' title='bbox 796 3365 908 3435; x_wconf 84' lang='lat' dir='ltr'>Apolog.</span> <span class='ocrx_word' id='word_1_234' title='bbox 927 3382 950 3418; x_wconf 91' lang='lat' dir='ltr'>c.</span> <span class='ocrx_word' id='word_1_235' title='bbox 964 3366 997 3418; x_wconf 86' lang='lat'>15</span> <span class='ocrx_word' id='word_1_236' title='bbox 1016 3364 1104 3429; x_wconf 87' lang='lat' dir='ltr'>verba,</span> <span class='ocrx_word' id='word_1_237' title='bbox 1122 3361 1222 3430; x_wconf 86' lang='lat' dir='ltr'>quibus</span> 
     </span>
     <span class='ocr_line' id='line_1_31' title="bbox 108 3448 1221 3522; baseline -0.005 -15"><span class='ocrx_word' id='word_1_238' title='bbox 108 3452 264 3508; x_wconf 81' lang='lat' dir='ltr'>Lucienum</span> <span class='ocrx_word' id='word_1_239' title='bbox 288 3468 413 3522; x_wconf 81' lang='lat' dir='ltr'>magnam</span> <span class='ocrx_word' id='word_1_240' title='bbox 438 3453 549 3522; x_wconf 88' lang='lat' dir='ltr'>gloriam</span> <span class='ocrx_word' id='word_1_241' title='bbox 571 3454 706 3522; x_wconf 88' lang='lat' dir='ltr'>peperisse</span> <span class='ocrx_word' id='word_1_242' title='bbox 732 3453 894 3508; x_wconf 88' lang='lat' dir='ltr'>rhetoricam</span> <span class='ocrx_word' id='word_1_243' title='bbox 921 3453 1021 3506; x_wconf 90' lang='lat' dir='ltr'>elucet:</span> <span class='ocrx_word' id='word_1_244' title='bbox 1049 3451 1097 3504; x_wconf 89' lang='lat' dir='ltr'>sed</span> <span class='ocrx_word' id='word_1_245' title='bbox 1121 3448 1221 3502; x_wconf 84' lang='lat' dir='ltr'>eximie</span> 
     </span>
     <span class='ocr_line' id='line_1_32' title="bbox 108 3535 1222 3596; baseline -0.006 0"><span class='ocrx_word' id='word_1_246' title='bbox 108 3539 282 3596; x_wconf 82' lang='lat' dir='ltr'>Fritzschins</span> <span class='ocrx_word' id='word_1_247' title='bbox 301 3540 329 3592; x_wconf 89' lang='lat' dir='ltr'>et</span> <span class='ocrx_word' id='word_1_248' title='bbox 346 3541 425 3594; x_wconf 88' lang='lat' dir='ltr'>acute</span> <span class='ocrx_word' id='word_1_249' title='bbox 442 3556 473 3594; x_wconf 89' lang='lat' dir='ltr'>eo</span> <span class='ocrx_word' id='word_1_250' title='bbox 490 3540 549 3594; x_wconf 93' lang='lat' dir='ltr'>loco</span> <span class='ocrx_word' id='word_1_251' title='bbox 567 3541 651 3595; x_wconf 80' lang='lat' dir='ltr'>rerba</span> <span class='ocrx_word' id='word_1_252' title='bbox 669 3541 774 3595; x_wconf 89' lang='lat' dir='ltr'>duabus</span> <span class='ocrx_word' id='word_1_253' title='bbox 792 3543 896 3595; x_wconf 87' lang='lat' dir='ltr'>tantum</span> <span class='ocrx_word' id='word_1_254' title='bbox 915 3539 1003 3594; x_wconf 90' lang='lat' dir='ltr'>literis</span> <span class='ocrx_word' id='word_1_255' title='bbox 1018 3535 1169 3591; x_wconf 87' lang='lat' dir='ltr'>immutatis</span> <span class='ocrx_word' id='word_1_256' title='bbox 1188 3536 1222 3590; x_wconf 91' lang='lat' dir='ltr'>ad</span> 
     </span>
     <span class='ocr_line' id='line_1_33' title="bbox 110 3624 1223 3696; baseline -0.006 -13"><span class='ocrx_word' id='word_1_257' title='bbox 110 3627 245 3683; x_wconf 81' lang='lat' dir='ltr'>Sabinum</span> <span class='ocrx_word' id='word_1_258' title='bbox 265 3628 360 3695; x_wconf 88' lang='lat' dir='ltr'>refert,</span> <span class='ocrx_word' id='word_1_259' title='bbox 386 3628 457 3696; x_wconf 90' lang='lat' dir='ltr'>quod</span> <span class='ocrx_word' id='word_1_260' title='bbox 476 3630 618 3682; x_wconf 85' lang='lat' dir='ltr'>contextus</span> <span class='ocrx_word' id='word_1_261' title='bbox 637 3629 789 3683; x_wconf 88' lang='lat' dir='ltr'>desiderare</span> <span class='ocrx_word' id='word_1_262' title='bbox 807 3630 923 3684; x_wconf 88' lang='lat' dir='ltr'>videtur.</span> <span class='ocrx_word' id='word_1_263' title='bbox 958 3625 1119 3695; x_wconf 71' lang='lat' dir='ltr'>Legendum&#39;</span> <span class='ocrx_word' id='word_1_264' title='bbox 1138 3624 1223 3694; x_wconf 85' lang='lat' dir='ltr'>igitur</span> 
     </span>
     <span class='ocr_line' id='line_1_34' title="bbox 111 3710 1223 3790; baseline -0.005 -20"><span class='ocrx_word' id='word_1_265' title='bbox 111 3717 169 3770; x_wconf 76' lang='lat' dir='ltr'>est:</span> <span class='ocrx_word' id='word_1_266' title='bbox 194 3717 235 3767; x_wconf 71' lang='lat' dir='ltr'>‘sl</span> <span class='ocrx_word' id='word_1_267' title='bbox 250 3731 282 3784; x_wconf 78' lang='grc' dir='ltr'>γε</span> <span class='ocrx_word' id='word_1_268' title='bbox 300 3715 466 3784; x_wconf 73' lang='grc' dir='ltr'>ἐπιτιμῴης,</span> <span class='ocrx_word' id='word_1_269' title='bbox 486 3714 518 3768; x_wconf 84' lang='grc' dir='ltr'>ὃν</span> <span class='ocrx_word' id='word_1_270' title='bbox 537 3717 591 3785; x_wconf 81' lang='grc' dir='ltr'>πρὸ</span> <span class='ocrx_word' id='word_1_271' title='bbox 611 3718 714 3768; x_wconf 77' lang='grc' dir='ltr'>πολιοῦ</span> <span class='ocrx_word' id='word_1_272' title='bbox 733 3710 811 3790; x_wconf 72' lang='grc' dir='ltr'>ᾔδειν</span> <span class='ocrx_word' id='word_1_273' title='bbox 892 3713 1146 3784; x_wconf 58' lang='grc' dir='ltr'>ἐναριθμούμενος]</span> <span class='ocrx_word' id='word_1_274' title='bbox 1170 3712 1223 3780; x_wconf 88' lang='lat' dir='ltr'>(ed.</span> 
     </span>
     <span class='ocr_line' id='line_1_35' title="bbox 109 3800 303 3871; baseline -0.005 -17"><span class='ocrx_word' id='word_1_275' title='bbox 109 3800 303 3871; x_wconf 59' lang='lat' dir='ltr'>L2pffln</span> 
     </span>
     <span class='ocr_line' id='line_1_36' title="bbox 203 3887 1223 3959; baseline 0 -18"><span class='ocrx_word' id='word_1_276' title='bbox 203 3888 229 3956; x_wconf 88' lang='grc'>3)</span> <span class='ocrx_word' id='word_1_277' title='bbox 255 3889 288 3941; x_wconf 88' lang='lat' dir='ltr'>de</span> <span class='ocrx_word' id='word_1_278' title='bbox 314 3887 466 3942; x_wconf 89' lang='lat' dir='ltr'>inimicitiis</span> <span class='ocrx_word' id='word_1_279' title='bbox 491 3889 600 3957; x_wconf 79' lang='lat' dir='ltr'>Aspasii</span> <span class='ocrx_word' id='word_1_280' title='bbox 627 3892 654 3943; x_wconf 90' lang='lat' dir='ltr'>et</span> <span class='ocrx_word' id='word_1_281' title='bbox 676 3890 761 3959; x_wconf 89' lang='lat' dir='ltr'>patris</span> <span class='ocrx_word' id='word_1_282' title='bbox 784 3888 942 3942; x_wconf 86' lang='lat' dir='ltr'>Philostrati</span> <span class='ocrx_word' id='word_1_283' title='bbox 967 3887 1033 3943; x_wconf 88' lang='lat' dir='ltr'>alibi</span> <span class='ocrx_word' id='word_1_284' title='bbox 1057 3904 1117 3943; x_wconf 89' lang='lat' dir='ltr'>sese</span> <span class='ocrx_word' id='word_1_285' title='bbox 1140 3887 1223 3941; x_wconf 86' lang='lat' dir='ltr'>verba</span> 
     </span>
     <span class='ocr_line' id='line_1_37' title="bbox 111 3974 1222 4045; baseline -0.002 -16"><span class='ocrx_word' id='word_1_286' title='bbox 111 3974 213 4029; x_wconf 85' lang='lat' dir='ltr'>fecisse</span> <span class='ocrx_word' id='word_1_287' title='bbox 236 3974 418 4030; x_wconf 86' lang='lat' dir='ltr'>Philostratus</span> <span class='ocrx_word' id='word_1_288' title='bbox 440 3975 520 4030; x_wconf 90' lang='lat' dir='ltr'>dicit:</span> <span class='ocrx_word' id='word_1_289' title='bbox 547 3993 600 4045; x_wconf 91' lang='lat' dir='ltr'>quo</span> <span class='ocrx_word' id='word_1_290' title='bbox 624 3977 653 4029; x_wconf 89' lang='lat' dir='ltr'>in</span> <span class='ocrx_word' id='word_1_291' title='bbox 676 3977 758 4043; x_wconf 90' lang='lat' dir='ltr'>libro,</span> <span class='ocrx_word' id='word_1_292' title='bbox 783 3978 830 4032; x_wconf 88' lang='lat' dir='ltr'>aut</span> <span class='ocrx_word' id='word_1_293' title='bbox 847 3992 901 4029; x_wconf 87' lang='lat' dir='ltr'>uno</span> <span class='ocrx_word' id='word_1_294' title='bbox 923 3978 971 4030; x_wconf 90' lang='lat' dir='ltr'>aut</span> <span class='ocrx_word' id='word_1_295' title='bbox 989 3974 1126 4044; x_wconf 89' lang='lat' dir='ltr'>pluribus,</span> <span class='ocrx_word' id='word_1_296' title='bbox 1150 3989 1222 4027; x_wconf 87' lang='lat' dir='ltr'>nunc</span> 
     </span>
     <span class='ocr_line' id='line_1_38' title="bbox 113 4061 899 4131; baseline 0.003 -15"><span class='ocrx_word' id='word_1_297' title='bbox 113 4061 216 4117; x_wconf 88' lang='lat' dir='ltr'>amisso</span> <span class='ocrx_word' id='word_1_298' title='bbox 234 4062 349 4117; x_wconf 88' lang='lat' dir='ltr'>Luciani</span> <span class='ocrx_word' id='word_1_299' title='bbox 368 4079 474 4131; x_wconf 88' lang='lat' dir='ltr'>qnoque</span> <span class='ocrx_word' id='word_1_300' title='bbox 492 4064 606 4117; x_wconf 85' lang='lat' dir='ltr'>fortasse</span> <span class='ocrx_word' id='word_1_301' title='bbox 624 4063 728 4118; x_wconf 88' lang='lat' dir='ltr'>montio</span> <span class='ocrx_word' id='word_1_302' title='bbox 746 4064 816 4119; x_wconf 87' lang='lat' dir='ltr'>iacta</span> <span class='ocrx_word' id='word_1_303' title='bbox 834 4066 899 4119; x_wconf 87' lang='lat' dir='ltr'>erat.</span> 
     </span>
    </p>
   </div>
   <div class='ocr_carea' id='block_1_4' title="bbox 0 0 1420 4606">
    <p class='ocr_par' dir='ltr' id='par_1_5' title="bbox 0 0 1420 4606">
     <span class='ocr_line' id='line_1_39' title="bbox 0 0 1420 4606; baseline 0 0"><span class='ocrx_word' id='word_1_304' title='bbox 0 0 1420 4606; x_wconf 95' lang='lat' dir='ltr'> </span> 
     </span>
    </p>
   </div>
  </div>
 </body>
</html>
