2820 4606
579 211 798 268 ..49-

134 376 283 444 ἀλιντίαν.
321 381 382 464 Ap.
406 381 524 443 Anten.
547 400 576 462 p.
595 381 725 461 278,10
749 400 821 443 eum
836 381 983 443 lemmate
998 376 1189 459 Μοσχίωνος
1204 380 1244 449 rt

133 486 349 571 Διγμώναιτος
376 487 550 548 invenitur.
595 485 635 547 In
663 485 767 547 medie
794 487 892 569 igItur
917 488 1165 570 relinquendum
1188 498 1243 553 est.

198 591 234 656 fr.
258 590 326 654 XII
348 590 397 654 Fr.
421 623 455 640 =
476 591 595 653 Anten.
620 590 653 671 6,
680 592 728 654 19.
761 590 829 654 flor.
861 590 943 674 Lips.
974 612 1003 674 p.
1030 594 1085 655 12;
1124 594 1243 680 Δημώ-

133 716 260 770 ναιτος·
285 703 439 756 τοσοῦτον
459 688 506 769 εἷς
528 690 640 778 ἀρετὴν
663 691 880 778 προσθήσεις,
905 693 980 757 ὅσον
1000 695 1038 758 ἂν
1053 694 1169 784 ὑφέλγγς
1183 711 1246 761 τῶν

133 798 262 884 ἡδονῶν.
308 798 397 862 Nihil
420 797 627 861 dubitationis
650 797 814 862 admittere
835 799 970 863 videtur.

199 904 235 968 fr.
260 904 345 966 XIII
367 903 417 967 Fr.
440 937 473 953 =
495 904 614 966 Anten.
640 903 673 984 6,
697 905 737 966 21
770 903 835 968 fler.
859 903 942 986 Lipe
972 926 1001 988 p.
1028 908 1085 969 12:
1125 909 1245 994 Λνγμώ-

87 1006 93 1014 ’
134 1030 262 1083 ναιτος·
295 1003 425 1090 αἰσχρὸν
451 1004 508 1088 μὲν
536 1004 569 1068 ἐν
592 1003 701 1081 άλλοις
723 1004 947 1086 ἀποδέχεσθαι
972 1009 1030 1085 τὰς
1052 1007 1181 1095 ἀρετάς,
1213 1010 1246 1075 ἐν

136 1107 261 1188 ἕαοτοῖς
284 1109 319 1175 δὲ
342 1106 424 1190 ἔχειν
446 1111 504 1186 τάς
526 1106 649 1186 κακίας.
696 1111 784 1176 Item.

200 1217 237 1280 fr.
259 1217 324 1279 XV
344 1216 394 1280 Fr.
416 1249 448 1266 =
470 1218 587 1278 Anton.
604 1217 678 1297 238,
696 1218 745 1280 24.
776 1216 861 1279 Max.
880 1217 914 1280 II
936 1238 965 1301 p.
983 1221 1063 1282 590:
1089 1216 1246 1285 ὄείκνισιν

136 1318 193 1402 μὲν
222 1321 242 1407 ἡ
270 1321 376 1407 rpem)
405 1320 461 1383 τὸν
489 1321 558 1382 κατ’
581 1318 737 1404 ἀλήθειαν
766 1318 925 1404 ἀνδρεῖον,
957 1323 976 1408 ἡ
999 1320 1034 1386 δὲ
1058 1321 1169 1403 οέτιχιά
1191 1326 1247 1390 τὸν

136 1424 301 1512 φρόνιμον.
347 1427 436 1490 Item.

201 1530 236 1594 fr.
258 1530 357 1593 XVII
379 1529 428 1593 Fr.
454 1564 485 1579 ==
508 1531 626 1593 Anton.
653 1530 724 1612 156,
750 1532 799 1592 54.
845 1529 929 1595 Max.
953 1531 987 1593 Π
1014 1553 1043 1615 p.
1070 1534 1148 1597 647:
1179 1538 1248 1610 τοῖς

138 1631 199 1696 ὠσὶ
221 1630 322 1696 πλέον
342 1633 361 1720 ἢ
382 1642 421 1719 τῇ
443 1632 564 1718 γλώττῃ
585 1637 659 1718 χρῶ.
704 1635 793 1697 Item.

202 1738 238 1801 fr.
263 1738 380 1802 XVIII
403 1738 452 1802 Fr.
477 1771 510 1790 =
533 1739 652 1801 Anton.
677 1740 750 1821 217,
776 1741 825 1805 19,
855 1740 968 1804 Arsen.
993 1742 1020 1823 7,
1044 1744 1091 1804 7“;
1121 1740 1247 1806 ἐλάσσω

138 1842 221 1904 κατὰ
250 1840 431 1921 πάσχουσιν
461 1837 490 1904 ei
524 1839 694 1927 άνθριοιτοι
727 1842 793 1905 ὓντὸ
820 1854 883 1904 τῶν
909 1841 1034 1930 ἐχθρῶν
1056 1845 1075 1932 ἢ
1097 1846 1163 1909 1ἱνιὸ
1185 1859 1248 1910 τῶν

19 1943 22 1948 ’
139 1943 257 2033 φίλιον·
285 1946 359 2022 τοὺς
379 1943 437 2027 μὲν
459 1946 518 2032 γάρ
541 1943 677 2029 ἐχθροὺς
699 1945 841 2022 δεδιότες
863 1946 1091 2033 φυλάττονται,
1122 1955 1190 2028 τοῖς
1213 1948 1249 2014 δὲ

139 2047 247 2136 φίλοις
269 2047 459 2135 ἀνεφγμένοι
483 2045 547 2113 εἰσὶ
567 2048 622 2113 καὶ
642 2047 798 2134 γίγνονται
825 2050 982 2137 σφαλεροὶ
1000 2051 1055 2116 ναὶ
1076 2052 1248 2138 ε’ὐεττιβοά-

138 2155 252 2218 λεοτοι.
297 2154 386 2218 Item.

204 2259 241 2322 fr.
256 2259 406 2324 XIX'Fr.
421 2293 456 2311 =
473 2258 646 2345 μυστήριον
664 2256 697 2321 ἑν
715 2255 809 2346 φιλία
827 2258 966 2337 άιοάσας
983 2261 1113 2348 ὕστερον
1133 2260 1250 2349 ἐχθρὸς

139 2362 305 2449 γενόμενος
334 2364 379 2450 μὴ
406 2360 553 2451 ἐιφήνγς·
586 2361 708 2439 ἀδικεῖς
737 2364 796 2449 γὰρ
820 2362 856 2427 οὐ
878 2364 933 2428 τὸν
953 2363 1070 2452 ἐχθρὸν
1093 2366 1173 2431 ἄλλα
1195 2369 1250 2456 τὴν

140 2464 261 2554 φιλίαν.
298 2469 361 2532 Hie
384 2468 472 2531 loeus
492 2469 661 2551 ambiguus
684 2475 746 2550 est,
769 2469 885 2552 legitur
908 2472 992 2533 emm
1014 2473 1082 2534 sine
1104 2473 1250 2536 lemmate

141 2578 172 2636 et
201 2595 249 2657 ap.
278 2576 396 2638 Anton.
422 2575 495 2656 217,
522 2577 562 2636 14
596 2579 668 2657 post
696 2574 802 2636 lecum
832 2573 1037 2638 Demonaetis
1068 2582 1099 2639 et
1128 2579 1163 2639 in
1194 2597 1249 2640 ex-

141 2681 255 2762 eerptiS
277 2678 457 2743 Viudebon.
486 2679 523 2742 ef.
548 2678 633 2743 Steb.
657 2679 705 2744 ed.
729 2678 823 2742 Mein.
848 2680 897 2741 IV
919 2701 949 2763 p.
972 2682 1034 2743 293
1065 2687 1136 2763 pest
1159 2681 1250 2746 Sexti

140 2784 254 2848 locum.
292 2845 293 2848 ,

206 2888 242 2950 fr.
267 2887 335 2951 XX
358 2889 409 2952 Fr.
431 2922 465 2940 =
488 2887 531 2974 μὴ
554 2898 669 2973 κτῆσαι
697 2883 800 2975 φίλον,
833 2871 858 2971 ᾧ
880 2888 923 2972 μὴ
945 2887 1054 2950 στάντα
1076 2888 1250 2965 ττιστεάεις.

141 2992 201 3056 Est
229 3014 277 3076 ap.
307 2994 426 3056 Anten.
452 2995 525 3074 217,
549 2995 589 3055 27
621 2998 693 3076 pest
722 2993 803 3055 dues
832 2992 917 3054 loces
948 2991 1164 3074 tremonem,
1196 2995 1251 3058 sed

140 3096 257 3161 ibidem
281 3099 354 3180 215,
379 3099 395 3158 7
422 3103 493 3180 post
514 3098 621 3160 Iocum
644 3096 741 3160 Sexti.
787 3098 901 3179 Itaque
924 3097 1093 3181 ambiguus
1116 3106 1172 3164 est.

206 3201 260 3264 Ad
280 3201 316 3264 fr.
332 3201 406 3267 XV.
432 3201 626 3265 FrItrsehius
647 3201 735 3264 addit
757 3202 843 3264 hune
861 3203 983 3264 Iocum:
1007 3199 1078 3264 οάτε
1099 3199 1129 3265 οἳ
1151 3201 1250 3284 άμοο-

143 3325 196 3368 σοι
224 3308 293 3381 τοῖς
323 3302 484 3391 ὀργάνοις,
518 3302 588 3369 οὔτε
612 3301 640 3368 οἳ
665 3301 855 3369 άτιαίδειιτοι
878 3309 950 3382 ταῖς
971 3306 1080 3385 τύχαις
1103 3306 1251 3369 δύνανται

143 3407 420 3494 συναρμόσασθαι.
465 3409 609 3474 Dubium
631 3430 699 3474 esse
722 3412 809 3494 dicit,
832 3417 942 3474 utrum
963 3412 1139 3474 Mosehieni
1158 3412 1251 3474 datus

143 3516 185 3578 sit
216 3515 305 3579 loeus
338 3535 379 3578 en
411 3514 598 3579 Demenaeti
630 3516 714 3598 apud
744 3516 862 3580 Anten.
885 3519 960 3598 238,
983 3519 1032 3578 22.
1079 3515 1141 3579 Sed
1167 3517 1251 3598 apud

142 3619 228 3684 Max,
251 3620 285 3683 II
313 3641 342 3704 p.
369 3622 431 3685 590
461 3629 568 3704 aperte
596 3619 784 3683 Demenaeti
811 3618 973 3702 tribuitur,
1002 3622 1149 3701 quoeIree
1178 3640 1252 3684 eum

142 3743 254 3788 revera
274 3723 477 3788 Demoneetis
500 3745 568 3789 esse
590 3727 658 3788 veri
680 3725 816 3787 similius
841 3731 896 3789 est.

230 3830 291 3893 Hie
313 3829 498 3912 fragmentis
518 3826 702 3912 addam‘ea,
731 3849 811 3912 quae
834 3850 852 3891 a
874 3829 1048 3891 FrItzsehie
1071 3848 1136 3890 nen
1160 3830 1252 3892 allata

144 3953 162 3995 a
179 3932 320 3996 Maximo
336 3932 522 3997 Demoneeti
544 3934 739 4016 tribuuntur,
762 3952 866 4015 neque
883 3933 967 4014 qued
984 3932 1113 4015 quidem
1128 3933 1252 3997 videam

145 4037 319 4120 quidquam
342 4037 548 4101 dubitati0nis
570 4039 749 4102 admittunt.

1058 4148 1078 4203 4
