<?xml version="1.0" encoding="UTF-8"?>
<!DOCTYPE html PUBLIC "-//W3C//DTD XHTML 1.0 Transitional//EN"
    "http://www.w3.org/TR/xhtml1/DTD/xhtml1-transitional.dtd">
<html xmlns="http://www.w3.org/1999/xhtml" xml:lang="en" lang="en">
 <head>
  <title>
</title>
<meta http-equiv="Content-Type" content="text/html;charset=utf-8" />
  <meta name='ocr-system' content='tesseract 3.04.00' />
  <meta name='ocr-capabilities' content='ocr_page ocr_carea ocr_par ocr_line ocrx_word'/>
</head>
<body>
  <div class='ocr_page' id='page_1' title='image "./quaestionumluci00thimgoog_0096.png"; bbox 0 0 2820 4606; ppageno 0'>
   <div class='ocr_carea' id='block_1_1' title="bbox 578 206 796 268">
    <p class='ocr_par' dir='ltr' id='par_1_1' title="bbox 578 206 796 268">
     <span class='ocr_line' id='line_1_1' title="bbox 578 206 796 268; baseline 0.005 -18"><span class='ocrx_word' id='word_1_1' title='bbox 578 206 796 268; x_wconf 65' lang='lat'>..31..</span> 
     </span>
    </p>
   </div>
   <div class='ocr_carea' id='block_1_2' title="bbox 42 379 1247 3711">
    <p class='ocr_par' dir='ltr' id='par_1_2' title="bbox 133 379 1243 1303">
     <span class='ocr_line' id='line_1_2' title="bbox 133 379 1242 464; baseline -0.002 -18"><span class='ocrx_word' id='word_1_2' title='bbox 133 380 204 446; x_wconf 90' lang='lat' dir='ltr'>Hoc</span> <span class='ocrx_word' id='word_1_3' title='bbox 225 400 377 464; x_wconf 91' lang='lat' dir='ltr'>responso</span> <span class='ocrx_word' id='word_1_4' title='bbox 392 379 559 444; x_wconf 84' lang='lat' dir='ltr'>Demonax</span> <span class='ocrx_word' id='word_1_5' title='bbox 581 381 720 444; x_wconf 88' lang='lat' dir='ltr'>indicare</span> <span class='ocrx_word' id='word_1_6' title='bbox 743 381 821 443; x_wconf 91' lang='lat' dir='ltr'>mihi</span> <span class='ocrx_word' id='word_1_7' title='bbox 841 379 976 463; x_wconf 83' lang='lat' dir='ltr'>videtur,</span> <span class='ocrx_word' id='word_1_8' title='bbox 996 380 1137 444; x_wconf 91' lang='lat' dir='ltr'>animum</span> <span class='ocrx_word' id='word_1_9' title='bbox 1159 398 1242 444; x_wconf 90' lang='lat' dir='ltr'>mor·</span> 
     </span>
     <span class='ocr_line' id='line_1_3' title="bbox 134 484 1240 570; baseline -0.001 -19"><span class='ocrx_word' id='word_1_10' title='bbox 134 489 183 552; x_wconf 90' lang='lat' dir='ltr'>tui</span> <span class='ocrx_word' id='word_1_11' title='bbox 211 489 246 550; x_wconf 90' lang='lat' dir='ltr'>in</span> <span class='ocrx_word' id='word_1_12' title='bbox 275 489 462 550; x_wconf 77' lang='lat' dir='ltr'>universum</span> <span class='ocrx_word' id='word_1_13' title='bbox 492 486 624 569; x_wconf 82' lang='lat' dir='ltr'>effundi,</span> <span class='ocrx_word' id='word_1_14' title='bbox 656 506 715 550; x_wconf 93' lang='lat' dir='ltr'>nec</span> <span class='ocrx_word' id='word_1_15' title='bbox 742 504 870 549; x_wconf 90' lang='lat' dir='ltr'>manere</span> <span class='ocrx_word' id='word_1_16' title='bbox 901 487 952 549; x_wconf 92' lang='lat' dir='ltr'>sui</span> <span class='ocrx_word' id='word_1_17' title='bbox 982 492 1158 570; x_wconf 88' lang='lat' dir='ltr'>compotem</span> <span class='ocrx_word' id='word_1_18' title='bbox 1190 484 1240 570; x_wconf 88' lang='lat' dir='ltr'>(cf.</span> 
     </span>
     <span class='ocr_line' id='line_1_4' title="bbox 133 572 1237 676; baseline -0.001 -21"><span class='ocrx_word' id='word_1_19' title='bbox 133 611 177 655; x_wconf 88' lang='lat' dir='ltr'>cc.</span> <span class='ocrx_word' id='word_1_20' title='bbox 193 572 244 655; x_wconf 70' lang='lat'>20.</span> <span class='ocrx_word' id='word_1_21' title='bbox 262 591 327 676; x_wconf 88' lang='lat'>60).</span> <span class='ocrx_word' id='word_1_22' title='bbox 373 593 527 673; x_wconf 83' lang='lat' dir='ltr'>Alioquin</span> <span class='ocrx_word' id='word_1_23' title='bbox 548 593 665 655; x_wconf 92' lang='lat' dir='ltr'>mirum</span> <span class='ocrx_word' id='word_1_24' title='bbox 685 598 781 669; x_wconf 79' lang='lat' dir='ltr'>esset,</span> <span class='ocrx_word' id='word_1_25' title='bbox 805 589 890 672; x_wconf 88' lang='lat' dir='ltr'>quod</span> <span class='ocrx_word' id='word_1_26' title='bbox 908 590 947 654; x_wconf 90' lang='lat' dir='ltr'>de</span> <span class='ocrx_word' id='word_1_27' title='bbox 965 610 1095 674; x_wconf 91' lang='lat' dir='ltr'>corpore</span> <span class='ocrx_word' id='word_1_28' title='bbox 1114 596 1237 654; x_wconf 88' lang='lat' dir='ltr'>mortuo</span> 
     </span>
     <span class='ocr_line' id='line_1_5' title="bbox 134 695 1242 780; baseline -0.001 -20"><span class='ocrx_word' id='word_1_29' title='bbox 134 716 171 760; x_wconf 93' lang='lat' dir='ltr'>ea</span> <span class='ocrx_word' id='word_1_30' title='bbox 194 698 358 779; x_wconf 76' lang='lat' dir='ltr'>sensisset,</span> <span class='ocrx_word' id='word_1_31' title='bbox 383 716 464 780; x_wconf 88' lang='lat' dir='ltr'>quae</span> <span class='ocrx_word' id='word_1_32' title='bbox 485 717 528 760; x_wconf 90' lang='lat' dir='ltr'>cc.</span> <span class='ocrx_word' id='word_1_33' title='bbox 550 699 600 761; x_wconf 85' lang='lat'>35.</span> <span class='ocrx_word' id='word_1_34' title='bbox 618 698 658 760; x_wconf 90' lang='grc'>36</span> <span class='ocrx_word' id='word_1_35' title='bbox 683 697 866 760; x_wconf 83' lang='lat' dir='ltr'>afferuntur.</span> <span class='ocrx_word' id='word_1_36' title='bbox 912 695 995 758; x_wconf 91' lang='lat' dir='ltr'>Nam</span> <span class='ocrx_word' id='word_1_37' title='bbox 1018 715 1092 759; x_wconf 89' lang='lat' dir='ltr'>cum</span> <span class='ocrx_word' id='word_1_38' title='bbox 1113 697 1242 779; x_wconf 85' lang='lat' dir='ltr'>naviga-</span> 
     </span>
     <span class='ocr_line' id='line_1_6' title="bbox 133 800 1242 885; baseline -0.002 -21"><span class='ocrx_word' id='word_1_39' title='bbox 133 808 228 864; x_wconf 86' lang='lat' dir='ltr'>turus</span> <span class='ocrx_word' id='word_1_40' title='bbox 265 803 530 885; x_wconf 78' lang='lat' dir='ltr'>interrogaretur:</span> <span class='ocrx_word' id='word_1_41' title='bbox 565 801 695 865; x_wconf 81' lang='lat' dir='ltr'>‘Nonne</span> <span class='ocrx_word' id='word_1_42' title='bbox 728 800 858 883; x_wconf 83' lang='lat' dir='ltr'>metuis,</span> <span class='ocrx_word' id='word_1_43' title='bbox 894 819 935 864; x_wconf 92' lang='lat' dir='ltr'>ne</span> <span class='ocrx_word' id='word_1_44' title='bbox 969 820 1078 864; x_wconf 82' lang='lat' dir='ltr'>everso</span> <span class='ocrx_word' id='word_1_45' title='bbox 1114 802 1242 884; x_wconf 89' lang='lat' dir='ltr'>navigio</span> 
     </span>
     <span class='ocr_line' id='line_1_7' title="bbox 135 904 1242 990; baseline 0.001 -23"><span class='ocrx_word' id='word_1_46' title='bbox 135 904 295 970; x_wconf 81' lang='lat' dir='ltr'>devoreris</span> <span class='ocrx_word' id='word_1_47' title='bbox 316 927 335 969; x_wconf 92' lang='lat' dir='ltr'>a</span> <span class='ocrx_word' id='word_1_48' title='bbox 354 905 531 990; x_wconf 55' lang='lat' dir='ltr'>piscibus?</span> <span class='ocrx_word' id='word_1_49' title='bbox 570 906 738 990; x_wconf 79' lang='lat' dir='ltr'>‘ingratus</span> <span class='ocrx_word' id='word_1_50' title='bbox 761 925 862 970; x_wconf 88' lang='lat' dir='ltr'>essem</span> <span class='ocrx_word' id='word_1_51' title='bbox 870 905 886 989; x_wconf 74' lang='lat'>²,</span> <span class='ocrx_word' id='word_1_52' title='bbox 916 907 1023 988; x_wconf 92' lang='lat' dir='ltr'>inquit</span> <span class='ocrx_word' id='word_1_53' title='bbox 1050 906 1091 968; x_wconf 77' lang='lat' dir='ltr'>‘si</span> <span class='ocrx_word' id='word_1_54' title='bbox 1112 906 1242 969; x_wconf 81' lang='lat' dir='ltr'>moleste</span> 
     </span>
     <span class='ocr_line' id='line_1_8' title="bbox 133 1009 1242 1095; baseline 0 -22"><span class='ocrx_word' id='word_1_55' title='bbox 133 1009 247 1074; x_wconf 83' lang='lat' dir='ltr'>ferrem</span> <span class='ocrx_word' id='word_1_56' title='bbox 270 1013 414 1074; x_wconf 82' lang='lat' dir='ltr'>consumi</span> <span class='ocrx_word' id='word_1_57' title='bbox 434 1032 452 1074; x_wconf 87' lang='lat' dir='ltr'>a</span> <span class='ocrx_word' id='word_1_58' title='bbox 473 1011 626 1095; x_wconf 59' lang='lat' dir='ltr'>piscibus</span> <span class='ocrx_word' id='word_1_59' title='bbox 652 1013 707 1094; x_wconf 90' lang='lat' dir='ltr'>qni</span> <span class='ocrx_word' id='word_1_60' title='bbox 730 1016 778 1074; x_wconf 90' lang='lat' dir='ltr'>tot</span> <span class='ocrx_word' id='word_1_61' title='bbox 792 1013 895 1094; x_wconf 80' lang='lat' dir='ltr'>pisces</span> <span class='ocrx_word' id='word_1_62' title='bbox 908 1011 977 1094; x_wconf 90' lang='lat' dir='ltr'>ipse</span> <span class='ocrx_word' id='word_1_63' title='bbox 992 1011 1138 1093; x_wconf 90' lang='lat' dir='ltr'>epulatus</span> <span class='ocrx_word' id='word_1_64' title='bbox 1152 1009 1242 1073; x_wconf 65' lang='lat' dir='ltr'>sum!</span> 
     </span>
     <span class='ocr_line' id='line_1_9' title="bbox 133 1113 1243 1198; baseline 0.001 -22"><span class='ocrx_word' id='word_1_65' title='bbox 133 1113 288 1196; x_wconf 88' lang='lat' dir='ltr'>Idemque</span> <span class='ocrx_word' id='word_1_66' title='bbox 311 1117 500 1179; x_wconf 89' lang='lat' dir='ltr'>moriturus:</span> <span class='ocrx_word' id='word_1_67' title='bbox 533 1115 653 1180; x_wconf 77' lang='lat' dir='ltr'>‘Nolite</span> <span class='ocrx_word' id='word_1_68' title='bbox 673 1115 816 1179; x_wconf 89' lang='lat' dir='ltr'>laborare</span> <span class='ocrx_word' id='word_1_69' title='bbox 837 1115 875 1178; x_wconf 93' lang='lat' dir='ltr'>de</span> <span class='ocrx_word' id='word_1_70' title='bbox 897 1115 1060 1198; x_wconf 88' lang='lat' dir='ltr'>sepultura</span> <span class='ocrx_word' id='word_1_71' title='bbox 1079 1114 1173 1196; x_wconf 85' lang='lat' dir='ltr'>mea’,</span> <span class='ocrx_word' id='word_1_72' title='bbox 1194 1117 1243 1176; x_wconf 91' lang='lat' dir='ltr'>in-</span> 
     </span>
     <span class='ocr_line' id='line_1_10' title="bbox 136 1219 575 1303; baseline 0.005 -22"><span class='ocrx_word' id='word_1_73' title='bbox 136 1221 218 1302; x_wconf 81' lang='lat' dir='ltr'>quit,</span> <span class='ocrx_word' id='word_1_74' title='bbox 241 1219 331 1282; x_wconf 91' lang='lat' dir='ltr'>‘oder</span> <span class='ocrx_word' id='word_1_75' title='bbox 353 1239 404 1283; x_wconf 91' lang='lat' dir='ltr'>me</span> <span class='ocrx_word' id='word_1_76' title='bbox 427 1219 575 1303; x_wconf 89' lang='lat' dir='ltr'>sepeliet’</span> 
     </span>
    </p>

    <p class='ocr_par' dir='ltr' id='par_1_3' title="bbox 42 1322 1247 3711">
     <span class='ocr_line' id='line_1_11' title="bbox 224 1322 1243 1406; baseline -0.001 -19"><span class='ocrx_word' id='word_1_77' title='bbox 224 1322 312 1398; x_wconf 79' lang='lat' dir='ltr'>Quae</span> <span class='ocrx_word' id='word_1_78' title='bbox 341 1344 414 1388; x_wconf 86' lang='lat' dir='ltr'>cum</span> <span class='ocrx_word' id='word_1_79' title='bbox 442 1325 488 1387; x_wconf 90' lang='lat' dir='ltr'>ita</span> <span class='ocrx_word' id='word_1_80' title='bbox 516 1326 593 1404; x_wconf 80' lang='lat' dir='ltr'>sint,</span> <span class='ocrx_word' id='word_1_81' title='bbox 626 1343 719 1388; x_wconf 92' lang='lat' dir='ltr'>nemo</span> <span class='ocrx_word' id='word_1_82' title='bbox 749 1324 930 1406; x_wconf 77' lang='lat' dir='ltr'>mirabitur,</span> <span class='ocrx_word' id='word_1_83' title='bbox 963 1324 1048 1406; x_wconf 89' lang='lat' dir='ltr'>quod</span> <span class='ocrx_word' id='word_1_84' title='bbox 1075 1322 1243 1387; x_wconf 88' lang='lat' dir='ltr'>Demonax</span> 
     </span>
     <span class='ocr_line' id='line_1_12' title="bbox 136 1429 1243 1513; baseline -0.001 -22"><span class='ocrx_word' id='word_1_85' title='bbox 136 1436 231 1513; x_wconf 89' lang='lat' dir='ltr'>caput</span> <span class='ocrx_word' id='word_1_86' title='bbox 259 1429 475 1513; x_wconf 81' lang='lat' dir='ltr'>philosophiae</span> <span class='ocrx_word' id='word_1_87' title='bbox 501 1431 608 1512; x_wconf 87' lang='lat' dir='ltr'>posuit</span> <span class='ocrx_word' id='word_1_88' title='bbox 636 1430 671 1491; x_wconf 91' lang='lat' dir='ltr'>in</span> <span class='ocrx_word' id='word_1_89' title='bbox 702 1429 895 1512; x_wconf 85' lang='lat' dir='ltr'>quaerendo,</span> <span class='ocrx_word' id='word_1_90' title='bbox 927 1429 1084 1511; x_wconf 90' lang='lat' dir='ltr'>quomodo</span> <span class='ocrx_word' id='word_1_91' title='bbox 1108 1430 1243 1511; x_wconf 91' lang='lat' dir='ltr'>quisque</span> 
     </span>
     <span class='ocr_line' id='line_1_13' title="bbox 136 1530 1243 1616; baseline 0 -21"><span class='ocrx_word' id='word_1_92' title='bbox 136 1535 170 1595; x_wconf 92' lang='lat' dir='ltr'>in</span> <span class='ocrx_word' id='word_1_93' title='bbox 193 1533 252 1596; x_wconf 91' lang='lat' dir='ltr'>hac</span> <span class='ocrx_word' id='word_1_94' title='bbox 273 1534 340 1596; x_wconf 83' lang='lat' dir='ltr'>vita</span> <span class='ocrx_word' id='word_1_95' title='bbox 361 1533 472 1597; x_wconf 90' lang='lat' dir='ltr'>beatus</span> <span class='ocrx_word' id='word_1_96' title='bbox 493 1534 562 1597; x_wconf 88' lang='lat' dir='ltr'>fieri</span> <span class='ocrx_word' id='word_1_97' title='bbox 583 1541 698 1616; x_wconf 76' lang='lat' dir='ltr'>posset,</span> <span class='ocrx_word' id='word_1_98' title='bbox 735 1533 827 1597; x_wconf 83' lang='lat' dir='ltr'>Beati</span> <span class='ocrx_word' id='word_1_99' title='bbox 846 1538 952 1597; x_wconf 89' lang='lat' dir='ltr'>autem</span> <span class='ocrx_word' id='word_1_100' title='bbox 971 1530 1040 1597; x_wconf 89' lang='lat' dir='ltr'>esse</span> <span class='ocrx_word' id='word_1_101' title='bbox 1055 1532 1243 1615; x_wconf 86' lang='lat' dir='ltr'>nequibunt,</span> 
     </span>
     <span class='ocr_line' id='line_1_14' title="bbox 138 1636 1244 1721; baseline -0.001 -21"><span class='ocrx_word' id='word_1_102' title='bbox 138 1639 181 1700; x_wconf 88' lang='lat' dir='ltr'>ait</span> <span class='ocrx_word' id='word_1_103' title='bbox 210 1636 390 1720; x_wconf 76' lang='lat' dir='ltr'>DemonaX,</span> <span class='ocrx_word' id='word_1_104' title='bbox 422 1640 478 1721; x_wconf 92' lang='lat' dir='ltr'>qui</span> <span class='ocrx_word' id='word_1_105' title='bbox 507 1643 537 1702; x_wconf 91' lang='lat' dir='ltr'>et</span> <span class='ocrx_word' id='word_1_106' title='bbox 568 1659 586 1701; x_wconf 91' lang='lat' dir='ltr'>a</span> <span class='ocrx_word' id='word_1_107' title='bbox 614 1640 727 1702; x_wconf 91' lang='lat' dir='ltr'>timore</span> <span class='ocrx_word' id='word_1_108' title='bbox 756 1643 787 1702; x_wconf 93' lang='lat' dir='ltr'>et</span> <span class='ocrx_word' id='word_1_109' title='bbox 817 1659 836 1700; x_wconf 93' lang='lat' dir='ltr'>a</span> <span class='ocrx_word' id='word_1_110' title='bbox 865 1657 934 1721; x_wconf 86' lang='lat' dir='ltr'>spe,</span> <span class='ocrx_word' id='word_1_111' title='bbox 964 1637 1082 1721; x_wconf 90' lang='lat' dir='ltr'>quibus</span> <span class='ocrx_word' id='word_1_112' title='bbox 1105 1637 1244 1700; x_wconf 90' lang='lat' dir='ltr'>humana</span> 
     </span>
     <span class='ocr_line' id='line_1_15' title="bbox 139 1741 1244 1826; baseline 0 -22"><span class='ocrx_word' id='word_1_113' title='bbox 139 1741 280 1805; x_wconf 89' lang='lat' dir='ltr'>subiecta</span> <span class='ocrx_word' id='word_1_114' title='bbox 309 1746 385 1805; x_wconf 88' lang='lat' dir='ltr'>sunt</span> <span class='ocrx_word' id='word_1_115' title='bbox 415 1744 535 1823; x_wconf 67' lang='lat' dir='ltr'>omnia,</span> <span class='ocrx_word' id='word_1_116' title='bbox 563 1742 707 1806; x_wconf 92' lang='lat' dir='ltr'>nondum</span> <span class='ocrx_word' id='word_1_117' title='bbox 735 1741 860 1805; x_wconf 88' lang='lat' dir='ltr'>liberati</span> <span class='ocrx_word' id='word_1_118' title='bbox 891 1745 997 1806; x_wconf 86' lang='lat' dir='ltr'>sunt¹</span> <span class='ocrx_word' id='word_1_119' title='bbox 1049 1742 1134 1826; x_wconf 83' lang='lat' dir='ltr'>Ergo</span> <span class='ocrx_word' id='word_1_120' title='bbox 1164 1741 1244 1804; x_wconf 89' lang='lat' dir='ltr'>liber</span> 
     </span>
     <span class='ocr_line' id='line_1_16' title="bbox 141 1847 1244 1931; baseline 0 -23"><span class='ocrx_word' id='word_1_121' title='bbox 141 1852 205 1908; x_wconf 89' lang='lat' dir='ltr'>esto</span> <span class='ocrx_word' id='word_1_122' title='bbox 228 1851 301 1909; x_wconf 87' lang='lat' dir='ltr'>ante</span> <span class='ocrx_word' id='word_1_123' title='bbox 324 1848 428 1909; x_wconf 87' lang='lat' dir='ltr'>omnia</span> <span class='ocrx_word' id='word_1_124' title='bbox 450 1847 672 1931; x_wconf 90' lang='lat' dir='ltr'>philosophus:</span> <span class='ocrx_word' id='word_1_125' title='bbox 696 1847 777 1909; x_wconf 89' lang='lat' dir='ltr'>nihil</span> <span class='ocrx_word' id='word_1_126' title='bbox 799 1849 884 1910; x_wconf 92' lang='lat' dir='ltr'>enim</span> <span class='ocrx_word' id='word_1_127' title='bbox 902 1865 961 1909; x_wconf 91' lang='lat' dir='ltr'>nec</span> <span class='ocrx_word' id='word_1_128' title='bbox 984 1866 1038 1929; x_wconf 91' lang='lat' dir='ltr'>spe</span> <span class='ocrx_word' id='word_1_129' title='bbox 1056 1866 1115 1909; x_wconf 91' lang='lat' dir='ltr'>nec</span> <span class='ocrx_word' id='word_1_130' title='bbox 1132 1848 1244 1910; x_wconf 92' lang='lat' dir='ltr'>timore</span> 
     </span>
     <span class='ocr_line' id='line_1_17' title="bbox 143 1951 1245 2036; baseline 0.002 -24"><span class='ocrx_word' id='word_1_131' title='bbox 143 1951 271 2033; x_wconf 86' lang='lat' dir='ltr'>dignum</span> <span class='ocrx_word' id='word_1_132' title='bbox 299 1957 356 2033; x_wconf 86' lang='lat' dir='ltr'>est,</span> <span class='ocrx_word' id='word_1_133' title='bbox 391 1954 465 2034; x_wconf 91' lang='lat' dir='ltr'>quia</span> <span class='ocrx_word' id='word_1_134' title='bbox 486 1954 604 2036; x_wconf 91' lang='lat' dir='ltr'>pariter</span> <span class='ocrx_word' id='word_1_135' title='bbox 624 1953 756 2015; x_wconf 88' lang='lat' dir='ltr'>molesta</span> <span class='ocrx_word' id='word_1_136' title='bbox 784 1959 815 2016; x_wconf 89' lang='lat' dir='ltr'>et</span> <span class='ocrx_word' id='word_1_137' title='bbox 844 1951 982 2015; x_wconf 90' lang='lat' dir='ltr'>incunda</span> <span class='ocrx_word' id='word_1_138' title='bbox 1005 1954 1141 2016; x_wconf 85' lang='lat' dir='ltr'>existere</span> <span class='ocrx_word' id='word_1_139' title='bbox 1165 1953 1245 2016; x_wconf 91' lang='lat' dir='ltr'>desi-</span> 
     </span>
     <span class='ocr_line' id='line_1_18' title="bbox 140 2057 1246 2142; baseline 0.002 -24"><span class='ocrx_word' id='word_1_140' title='bbox 140 2064 220 2119; x_wconf 91' lang='lat' dir='ltr'>nunt</span> <span class='ocrx_word' id='word_1_141' title='bbox 242 2058 348 2119; x_wconf 91' lang='lat' dir='ltr'>omnia</span> <span class='ocrx_word' id='word_1_142' title='bbox 369 2057 407 2142; x_wconf 87' lang='lat' dir='ltr'>(c.</span> <span class='ocrx_word' id='word_1_143' title='bbox 431 2058 502 2139; x_wconf 81' lang='lat'>20):</span> <span class='ocrx_word' id='word_1_144' title='bbox 535 2058 676 2142; x_wconf 84' lang='lat' dir='ltr'>indigere</span> <span class='ocrx_word' id='word_1_145' title='bbox 699 2077 765 2120; x_wconf 94' lang='lat' dir='ltr'>non</span> <span class='ocrx_word' id='word_1_146' title='bbox 787 2057 879 2121; x_wconf 90' lang='lat' dir='ltr'>debet</span> <span class='ocrx_word' id='word_1_147' title='bbox 901 2058 1035 2120; x_wconf 87' lang='lat' dir='ltr'>aliorum</span> <span class='ocrx_word' id='word_1_148' title='bbox 1058 2057 1246 2121; x_wconf 77' lang='lat' dir='ltr'>hominum2</span> 
     </span>
     <span class='ocr_line' id='line_1_19' title="bbox 141 2157 1244 2246; baseline 0.001 -23"><span class='ocrx_word' id='word_1_149' title='bbox 141 2157 196 2246; x_wconf 89' lang='lat' dir='ltr'>(cc.</span> <span class='ocrx_word' id='word_1_150' title='bbox 221 2164 250 2226; x_wconf 81' lang='lat'>4.</span> <span class='ocrx_word' id='word_1_151' title='bbox 275 2161 324 2246; x_wconf 88' lang='lat'>8):</span> <span class='ocrx_word' id='word_1_152' title='bbox 353 2161 433 2225; x_wconf 91' lang='lat' dir='ltr'>liber</span> <span class='ocrx_word' id='word_1_153' title='bbox 463 2167 528 2226; x_wconf 90' lang='lat' dir='ltr'>esto</span> <span class='ocrx_word' id='word_1_154' title='bbox 558 2162 596 2225; x_wconf 92' lang='lat' dir='ltr'>ab</span> <span class='ocrx_word' id='word_1_155' title='bbox 626 2165 674 2225; x_wconf 90' lang='lat' dir='ltr'>ira</span> <span class='ocrx_word' id='word_1_156' title='bbox 702 2160 741 2245; x_wconf 92' lang='lat' dir='ltr'>(e.</span> <span class='ocrx_word' id='word_1_157' title='bbox 765 2161 833 2246; x_wconf 83' lang='lat'>51),</span> <span class='ocrx_word' id='word_1_158' title='bbox 864 2161 903 2225; x_wconf 90' lang='lat' dir='ltr'>ab</span> <span class='ocrx_word' id='word_1_159' title='bbox 926 2163 1107 2225; x_wconf 76' lang='lat' dir='ltr'>curiositate</span> <span class='ocrx_word' id='word_1_160' title='bbox 1130 2162 1169 2246; x_wconf 91' lang='lat' dir='ltr'>(c.</span> <span class='ocrx_word' id='word_1_161' title='bbox 1194 2163 1244 2224; x_wconf 80' lang='lat'>51.</span> 
     </span>
     <span class='ocr_line' id='line_1_20' title="bbox 42 2244 1246 2351; baseline 0 -23"><span class='ocrx_word' id='word_1_162' title='bbox 42 2244 53 2260; x_wconf 83' lang='lat'><strong>&#39;</strong></span> <span class='ocrx_word' id='word_1_163' title='bbox 136 2265 244 2350; x_wconf 71' lang='lat' dir='ltr'>fragm.</span> <span class='ocrx_word' id='word_1_164' title='bbox 268 2266 369 2330; x_wconf 78' lang='lat' dir='ltr'>nvn</span> <span class='ocrx_word' id='word_1_165' title='bbox 391 2267 439 2330; x_wconf 80' lang='lat' dir='ltr'>n.</span> <span class='ocrx_word' id='word_1_166' title='bbox 471 2274 502 2331; x_wconf 76' lang='lat' dir='ltr'>a</span> <span class='ocrx_word' id='word_1_167' title='bbox 531 2267 641 2351; x_wconf 79' lang='lat' dir='ltr'>fragm.</span> <span class='ocrx_word' id='word_1_168' title='bbox 672 2288 719 2351; x_wconf 73' lang='lat' dir='ltr'>ap.</span> <span class='ocrx_word' id='word_1_169' title='bbox 749 2267 834 2330; x_wconf 66' lang='lat' dir='ltr'>nex.</span> <span class='ocrx_word' id='word_1_170' title='bbox 860 2265 895 2328; x_wconf 83' lang='lat' dir='ltr'>rr</span> <span class='ocrx_word' id='word_1_171' title='bbox 925 2287 954 2349; x_wconf 82' lang='lat' dir='ltr'>p.</span> <span class='ocrx_word' id='word_1_172' title='bbox 983 2267 1063 2330; x_wconf 72' lang='lat' dir='ltr'>coo:</span> <span class='ocrx_word' id='word_1_173' title='bbox 1097 2260 1246 2350; x_wconf 34' lang='lat' dir='ltr'>capraea</span> 
     </span>
     <span class='ocr_line' id='line_1_21' title="bbox 135 2367 1245 2456; baseline 0.003 -26"><span class='ocrx_word' id='word_1_174' title='bbox 135 2373 221 2432; x_wconf 83' lang='grc' dir='ltr'><em>νοσεῖ</em></span> <span class='ocrx_word' id='word_1_175' title='bbox 253 2379 320 2446; x_wconf 78' lang='grc' dir='ltr'>πᾶς</span> <span class='ocrx_word' id='word_1_176' title='bbox 352 2367 521 2455; x_wconf 72' lang='grc' dir='ltr'><em>περίεργος</em></span> <span class='ocrx_word' id='word_1_177' title='bbox 556 2370 573 2433; x_wconf 85' lang='grc' dir='ltr'>ὁ</span> <span class='ocrx_word' id='word_1_178' title='bbox 602 2372 644 2434; x_wconf 78' lang='grc' dir='ltr'>τὰ</span> <span class='ocrx_word' id='word_1_179' title='bbox 673 2368 827 2456; x_wconf 77' lang='grc' dir='ltr'><em>ἀλλότρια</em></span> <span class='ocrx_word' id='word_1_180' title='bbox 859 2369 1167 2455; x_wconf 75' lang='grc' dir='ltr'><em>πολυπραγμονῶν);</em></span> <span class='ocrx_word' id='word_1_181' title='bbox 1206 2370 1245 2433; x_wconf 89' lang='lat' dir='ltr'>ab</span> 
     </span>
     <span class='ocr_line' id='line_1_22' title="bbox 135 2468 1245 2562; baseline 0.001 -25"><span class='ocrx_word' id='word_1_182' title='bbox 135 2477 245 2538; x_wconf 92' lang='lat' dir='ltr'>mortis</span> <span class='ocrx_word' id='word_1_183' title='bbox 266 2477 378 2538; x_wconf 91' lang='lat' dir='ltr'>timore</span> <span class='ocrx_word' id='word_1_184' title='bbox 400 2474 521 2560; x_wconf 83' lang='lat' dir='ltr'>(fragm.</span> <span class='ocrx_word' id='word_1_185' title='bbox 538 2495 555 2538; x_wconf 91' lang='lat' dir='ltr'>e</span> <span class='ocrx_word' id='word_1_186' title='bbox 571 2475 642 2540; x_wconf 89' lang='lat' dir='ltr'>Mel.</span> <span class='ocrx_word' id='word_1_187' title='bbox 659 2478 742 2560; x_wconf 83' lang='lat' dir='ltr'>Aug.</span> <span class='ocrx_word' id='word_1_188' title='bbox 759 2475 839 2562; x_wconf 82' lang='lat' dir='ltr'>all.);</span> <span class='ocrx_word' id='word_1_189' title='bbox 870 2474 908 2538; x_wconf 93' lang='lat' dir='ltr'>ab</span> <span class='ocrx_word' id='word_1_190' title='bbox 932 2468 1094 2539; x_wconf 85' lang='lat' dir='ltr'>mendacio</span> <span class='ocrx_word' id='word_1_191' title='bbox 1117 2473 1157 2557; x_wconf 92' lang='lat' dir='ltr'>(c.</span> <span class='ocrx_word' id='word_1_192' title='bbox 1178 2473 1245 2560; x_wconf 81' lang='lat'>48).</span> 
     </span>
     <span class='ocr_line' id='line_1_23' title="bbox 137 2578 1245 2665; baseline 0.002 -25"><span class='ocrx_word' id='word_1_193' title='bbox 137 2578 252 2642; x_wconf 87' lang='lat' dir='ltr'>Melius</span> <span class='ocrx_word' id='word_1_194' title='bbox 275 2600 357 2662; x_wconf 76' lang='lat' dir='ltr'>esse,</span> <span class='ocrx_word' id='word_1_195' title='bbox 386 2582 513 2643; x_wconf 92' lang='lat' dir='ltr'>omnino</span> <span class='ocrx_word' id='word_1_196' title='bbox 537 2601 602 2643; x_wconf 92' lang='lat' dir='ltr'>non</span> <span class='ocrx_word' id='word_1_197' title='bbox 625 2581 706 2644; x_wconf 85' lang='lat' dir='ltr'>affici</span> <span class='ocrx_word' id='word_1_198' title='bbox 730 2581 905 2664; x_wconf 80' lang='lat' dir='ltr'>doloribus,</span> <span class='ocrx_word' id='word_1_199' title='bbox 930 2602 1024 2665; x_wconf 90' lang='lat' dir='ltr'>quam</span> <span class='ocrx_word' id='word_1_200' title='bbox 1048 2580 1086 2643; x_wconf 92' lang='lat' dir='ltr'>ab</span> <span class='ocrx_word' id='word_1_201' title='bbox 1108 2582 1147 2643; x_wconf 88' lang='lat' dir='ltr'>iis</span> <span class='ocrx_word' id='word_1_202' title='bbox 1168 2578 1245 2642; x_wconf 94' lang='lat' dir='ltr'>libe-</span> 
     </span>
     <span class='ocr_line' id='line_1_24' title="bbox 137 2684 1246 2766; baseline -0.001 -20"><span class='ocrx_word' id='word_1_203' title='bbox 137 2685 212 2765; x_wconf 83' lang='lat' dir='ltr'>rari,</span> <span class='ocrx_word' id='word_1_204' title='bbox 244 2705 338 2766; x_wconf 85' lang='lat' dir='ltr'>quarn</span> <span class='ocrx_word' id='word_1_205' title='bbox 370 2685 409 2748; x_wconf 94' lang='lat' dir='ltr'>ob</span> <span class='ocrx_word' id='word_1_206' title='bbox 438 2705 565 2748; x_wconf 88' lang='lat' dir='ltr'>causam</span> <span class='ocrx_word' id='word_1_207' title='bbox 587 2688 738 2748; x_wconf 89' lang='lat' dir='ltr'>maiorem</span> <span class='ocrx_word' id='word_1_208' title='bbox 760 2686 887 2750; x_wconf 90' lang='lat' dir='ltr'>laudem</span> <span class='ocrx_word' id='word_1_209' title='bbox 910 2684 1022 2748; x_wconf 88' lang='lat' dir='ltr'>tribuit</span> <span class='ocrx_word' id='word_1_210' title='bbox 1043 2685 1188 2766; x_wconf 58' lang='lat' dir='ltr'>medicis</span> <span class='ocrx_word' id='word_1_211' title='bbox 1219 2685 1246 2746; x_wconf 89' lang='lat' dir='ltr'>si</span> 
     </span>
     <span class='ocr_line' id='line_1_25' title="bbox 137 2789 1245 2874; baseline -0.002 -24"><span class='ocrx_word' id='word_1_212' title='bbox 137 2807 229 2851; x_wconf 89' lang='lat' dir='ltr'>sanos</span> <span class='ocrx_word' id='word_1_213' title='bbox 259 2794 400 2871; x_wconf 87' lang='lat' dir='ltr'>servant,</span> <span class='ocrx_word' id='word_1_214' title='bbox 431 2810 526 2871; x_wconf 90' lang='lat' dir='ltr'>quam</span> <span class='ocrx_word' id='word_1_215' title='bbox 557 2791 583 2852; x_wconf 92' lang='lat' dir='ltr'>si</span> <span class='ocrx_word' id='word_1_216' title='bbox 611 2797 754 2874; x_wconf 88' lang='lat' dir='ltr'>aegrotos</span> <span class='ocrx_word' id='word_1_217' title='bbox 784 2796 905 2854; x_wconf 89' lang='lat' dir='ltr'>curant.</span> <span class='ocrx_word' id='word_1_218' title='bbox 951 2789 1111 2853; x_wconf 88' lang='lat' dir='ltr'>Molestias</span> <span class='ocrx_word' id='word_1_219' title='bbox 1140 2794 1245 2851; x_wconf 88' lang='lat' dir='ltr'>tamen</span> 
     </span>
     <span class='ocr_line' id='line_1_26' title="bbox 138 2894 1247 2977; baseline 0.001 -24"><span class='ocrx_word' id='word_1_220' title='bbox 138 2898 169 2954; x_wconf 94' lang='lat' dir='ltr'>et</span> <span class='ocrx_word' id='word_1_221' title='bbox 190 2894 389 2956; x_wconf 88' lang='lat' dir='ltr'>incommoda</span> <span class='ocrx_word' id='word_1_222' title='bbox 411 2913 512 2975; x_wconf 90' lang='lat' dir='ltr'>aequo</span> <span class='ocrx_word' id='word_1_223' title='bbox 535 2896 639 2957; x_wconf 88' lang='lat' dir='ltr'>animo</span> <span class='ocrx_word' id='word_1_224' title='bbox 663 2895 824 2958; x_wconf 86' lang='lat' dir='ltr'>toleranda</span> <span class='ocrx_word' id='word_1_225' title='bbox 847 2915 929 2977; x_wconf 79' lang='lat' dir='ltr'>esse,</span> <span class='ocrx_word' id='word_1_226' title='bbox 952 2896 1042 2977; x_wconf 88' lang='lat' dir='ltr'>quasi</span> <span class='ocrx_word' id='word_1_227' title='bbox 1065 2895 1204 2957; x_wconf 90' lang='lat' dir='ltr'>sarcinas</span> <span class='ocrx_word' id='word_1_228' title='bbox 1229 2913 1247 2954; x_wconf 92' lang='lat' dir='ltr'>a</span> 
     </span>
     <span class='ocr_line' id='line_1_27' title="bbox 138 2997 1246 3083; baseline -0.001 -24"><span class='ocrx_word' id='word_1_229' title='bbox 138 3001 250 3060; x_wconf 90' lang='lat' dir='ltr'>natura</span> <span class='ocrx_word' id='word_1_230' title='bbox 278 2997 371 3060; x_wconf 90' lang='lat' dir='ltr'>nobis</span> <span class='ocrx_word' id='word_1_231' title='bbox 393 2999 563 3081; x_wconf 89' lang='lat' dir='ltr'>impositas.</span> <span class='ocrx_word' id='word_1_232' title='bbox 609 2998 676 3063; x_wconf 91' lang='lat' dir='ltr'>Nec</span> <span class='ocrx_word' id='word_1_233' title='bbox 699 3000 798 3063; x_wconf 90' lang='lat' dir='ltr'>dolori</span> <span class='ocrx_word' id='word_1_234' title='bbox 822 3019 881 3064; x_wconf 92' lang='lat' dir='ltr'>nec</span> <span class='ocrx_word' id='word_1_235' title='bbox 902 3000 1059 3083; x_wconf 83' lang='lat' dir='ltr'>voluptati</span> <span class='ocrx_word' id='word_1_236' title='bbox 1080 2999 1176 3060; x_wconf 91' lang='lat' dir='ltr'>nimis</span> <span class='ocrx_word' id='word_1_237' title='bbox 1198 2999 1246 3059; x_wconf 90' lang='lat' dir='ltr'>in-</span> 
     </span>
     <span class='ocr_line' id='line_1_28' title="bbox 138 3101 1246 3188; baseline 0 -25"><span class='ocrx_word' id='word_1_238' title='bbox 138 3101 332 3185; x_wconf 89' lang='lat' dir='ltr'>dulgendum</span> <span class='ocrx_word' id='word_1_239' title='bbox 355 3121 423 3166; x_wconf 91' lang='lat' dir='ltr'>esse</span> <span class='ocrx_word' id='word_1_240' title='bbox 445 3103 501 3188; x_wconf 87' lang='lat' dir='ltr'>(cc.</span> <span class='ocrx_word' id='word_1_241' title='bbox 519 3106 568 3167; x_wconf 81' lang='lat'>24.</span> <span class='ocrx_word' id='word_1_242' title='bbox 587 3106 637 3168; x_wconf 86' lang='lat'>25.</span> <span class='ocrx_word' id='word_1_243' title='bbox 655 3106 704 3167; x_wconf 90' lang='grc'>33.</span> <span class='ocrx_word' id='word_1_244' title='bbox 728 3104 837 3188; x_wconf 84' lang='lat' dir='ltr'>fragm.</span> <span class='ocrx_word' id='word_1_245' title='bbox 854 3103 921 3167; x_wconf 86' lang='grc' dir='ltr'>ΧΠ</span> <span class='ocrx_word' id='word_1_246' title='bbox 937 3104 1011 3188; x_wconf 78' lang='lat' dir='ltr'>Fr).</span> <span class='ocrx_word' id='word_1_247' title='bbox 1051 3102 1112 3166; x_wconf 84' lang='lat' dir='ltr'>Sed</span> <span class='ocrx_word' id='word_1_248' title='bbox 1136 3121 1246 3184; x_wconf 93' lang='lat' dir='ltr'>quam-</span> 
     </span>
     <span class='ocr_line' id='line_1_29' title="bbox 138 3205 1247 3291; baseline 0 -23"><span class='ocrx_word' id='word_1_249' title='bbox 138 3225 233 3287; x_wconf 88' lang='lat' dir='ltr'>quam</span> <span class='ocrx_word' id='word_1_250' title='bbox 266 3205 434 3271; x_wconf 79' lang='lat' dir='ltr'>Demonax</span> <span class='ocrx_word' id='word_1_251' title='bbox 468 3210 602 3272; x_wconf 87' lang='lat' dir='ltr'>ahorum</span> <span class='ocrx_word' id='word_1_252' title='bbox 637 3210 757 3272; x_wconf 85' lang='lat' dir='ltr'>auxilio</span> <span class='ocrx_word' id='word_1_253' title='bbox 791 3210 855 3272; x_wconf 81' lang='lat' dir='ltr'>hui</span> <span class='ocrx_word' id='word_1_254' title='bbox 887 3210 1005 3291; x_wconf 80' lang='lat' dir='ltr'>noluit,</span> <span class='ocrx_word' id='word_1_255' title='bbox 1042 3214 1146 3272; x_wconf 87' lang='lat' dir='ltr'>tamen</span> <span class='ocrx_word' id='word_1_256' title='bbox 1179 3208 1247 3290; x_wconf 89' lang='lat' dir='ltr'>ipse</span> 
     </span>
     <span class='ocr_line' id='line_1_30' title="bbox 138 3312 1247 3408; baseline -0.001 -34"><span class='ocrx_word' id='word_1_257' title='bbox 138 3313 245 3374; x_wconf 89' lang='lat' dir='ltr'>amicis</span> <span class='ocrx_word' id='word_1_258' title='bbox 266 3312 401 3376; x_wconf 90' lang='lat' dir='ltr'>libenter</span> <span class='ocrx_word' id='word_1_259' title='bbox 423 3315 579 3377; x_wconf 87' lang='lat' dir='ltr'>succurrit</span> <span class='ocrx_word' id='word_1_260' title='bbox 602 3314 641 3398; x_wconf 91' lang='lat' dir='ltr'>(c.</span> <span class='ocrx_word' id='word_1_261' title='bbox 664 3316 704 3398; x_wconf 76' lang='lat'>7).</span> <span class='ocrx_word' id='word_1_262' title='bbox 749 3313 831 3377; x_wconf 86' lang='lat' dir='ltr'>Nam</span> <span class='ocrx_word' id='word_1_263' title='bbox 853 3316 1023 3408; x_wconf 74' lang='lat' dir='ltr'>amicitiam</span> <span class='ocrx_word' id='word_1_264' title='bbox 1045 3316 1079 3376; x_wconf 91' lang='lat' dir='ltr'>in</span> <span class='ocrx_word' id='word_1_265' title='bbox 1098 3312 1247 3376; x_wconf 91' lang='lat' dir='ltr'>humanis</span> 
     </span>
     <span class='ocr_line' id='line_1_31' title="bbox 137 3414 1246 3501; baseline 0 -23"><span class='ocrx_word' id='word_1_266' title='bbox 137 3416 232 3480; x_wconf 90' lang='lat' dir='ltr'>rebus</span> <span class='ocrx_word' id='word_1_267' title='bbox 254 3437 415 3481; x_wconf 91' lang='lat' dir='ltr'>summum</span> <span class='ocrx_word' id='word_1_268' title='bbox 437 3424 468 3482; x_wconf 92' lang='lat' dir='ltr'>et</span> <span class='ocrx_word' id='word_1_269' title='bbox 489 3423 634 3482; x_wconf 92' lang='lat' dir='ltr'>sanctum</span> <span class='ocrx_word' id='word_1_270' title='bbox 656 3438 724 3482; x_wconf 91' lang='lat' dir='ltr'>esse</span> <span class='ocrx_word' id='word_1_271' title='bbox 744 3418 865 3482; x_wconf 90' lang='lat' dir='ltr'>bonum</span> <span class='ocrx_word' id='word_1_272' title='bbox 882 3419 1053 3482; x_wconf 88' lang='lat' dir='ltr'>arbitratus</span> <span class='ocrx_word' id='word_1_273' title='bbox 1071 3422 1118 3481; x_wconf 91' lang='lat' dir='ltr'>est</span> <span class='ocrx_word' id='word_1_274' title='bbox 1139 3414 1178 3501; x_wconf 89' lang='lat' dir='ltr'>(c.</span> <span class='ocrx_word' id='word_1_275' title='bbox 1198 3417 1246 3479; x_wconf 88' lang='lat'>10.</span> 
     </span>
     <span class='ocr_line' id='line_1_32' title="bbox 135 3519 1247 3607; baseline 0 -25"><span class='ocrx_word' id='word_1_276' title='bbox 135 3520 244 3605; x_wconf 85' lang='lat' dir='ltr'>fragm.</span> <span class='ocrx_word' id='word_1_277' title='bbox 268 3521 354 3585; x_wconf 79' lang='lat' dir='ltr'>XIX</span> <span class='ocrx_word' id='word_1_278' title='bbox 376 3522 450 3606; x_wconf 67' lang='lat' dir='ltr'>hh).</span> <span class='ocrx_word' id='word_1_279' title='bbox 496 3522 608 3606; x_wconf 91' lang='lat' dir='ltr'>Itaque</span> <span class='ocrx_word' id='word_1_280' title='bbox 636 3525 669 3585; x_wconf 91' lang='lat' dir='ltr'>in</span> <span class='ocrx_word' id='word_1_281' title='bbox 699 3525 807 3586; x_wconf 90' lang='lat' dir='ltr'>amicis</span> <span class='ocrx_word' id='word_1_282' title='bbox 835 3523 988 3607; x_wconf 88' lang='lat' dir='ltr'>eligendis</span> <span class='ocrx_word' id='word_1_283' title='bbox 1011 3527 1078 3586; x_wconf 93' lang='lat' dir='ltr'>erat</span> <span class='ocrx_word' id='word_1_284' title='bbox 1101 3519 1247 3583; x_wconf 90' lang='lat' dir='ltr'>difficilli-</span> 
     </span>
     <span class='ocr_line' id='line_1_33' title="bbox 136 3624 1247 3711; baseline 0 -23"><span class='ocrx_word' id='word_1_285' title='bbox 136 3645 209 3689; x_wconf 91' lang='lat' dir='ltr'>mus</span> <span class='ocrx_word' id='word_1_286' title='bbox 231 3645 336 3708; x_wconf 91' lang='lat' dir='ltr'>neque</span> <span class='ocrx_word' id='word_1_287' title='bbox 359 3628 455 3690; x_wconf 89' lang='lat' dir='ltr'>alium</span> <span class='ocrx_word' id='word_1_288' title='bbox 477 3628 578 3691; x_wconf 78' lang='lat' dir='ltr'>voluit</span> <span class='ocrx_word' id='word_1_289' title='bbox 599 3629 748 3711; x_wconf 81' lang='lat' dir='ltr'>amicum,</span> <span class='ocrx_word' id='word_1_290' title='bbox 773 3649 867 3711; x_wconf 86' lang='lat' dir='ltr'>quarn</span> <span class='ocrx_word' id='word_1_291' title='bbox 888 3630 940 3691; x_wconf 91' lang='lat' dir='ltr'>cui</span> <span class='ocrx_word' id='word_1_292' title='bbox 962 3629 1068 3690; x_wconf 91' lang='lat' dir='ltr'>omnia</span> <span class='ocrx_word' id='word_1_293' title='bbox 1089 3624 1247 3688; x_wconf 87' lang='lat' dir='ltr'>confidere</span> 
     </span>
    </p>
   </div>
   <div class='ocr_carea' id='block_1_3' title="bbox 136 3814 1247 4150">
    <p class='ocr_par' dir='ltr' id='par_1_4' title="bbox 137 3814 1245 3972">
     <span class='ocr_line' id='line_1_34' title="bbox 225 3814 1245 3884; baseline -0.001 -17"><span class='ocrx_word' id='word_1_294' title='bbox 225 3817 251 3883; x_wconf 91' lang='lat'>1)</span> <span class='ocrx_word' id='word_1_295' title='bbox 272 3815 305 3870; x_wconf 89' lang='lat' dir='ltr'>In</span> <span class='ocrx_word' id='word_1_296' title='bbox 323 3817 374 3871; x_wconf 87' lang='lat' dir='ltr'>hac</span> <span class='ocrx_word' id='word_1_297' title='bbox 394 3832 546 3884; x_wconf 88' lang='lat' dir='ltr'>quoquere</span> <span class='ocrx_word' id='word_1_298' title='bbox 565 3816 766 3872; x_wconf 88' lang='lat' dir='ltr'>cumLuciano</span> <span class='ocrx_word' id='word_1_299' title='bbox 785 3815 953 3870; x_wconf 85' lang='lat' dir='ltr'>consensisse</span> <span class='ocrx_word' id='word_1_300' title='bbox 975 3815 1097 3883; x_wconf 84' lang='lat' dir='ltr'>ridetur,</span> <span class='ocrx_word' id='word_1_301' title='bbox 1122 3814 1155 3867; x_wconf 91' lang='lat' dir='ltr'>cf.</span> <span class='ocrx_word' id='word_1_302' title='bbox 1180 3830 1203 3866; x_wconf 89' lang='lat' dir='ltr'>e.</span> <span class='ocrx_word' id='word_1_303' title='bbox 1223 3830 1245 3866; x_wconf 92' lang='lat' dir='ltr'>c.</span> 
     </span>
     <span class='ocr_line' id='line_1_35' title="bbox 137 3903 395 3972; baseline -0.008 -14"><span class='ocrx_word' id='word_1_304' title='bbox 137 3903 216 3959; x_wconf 82' lang='lat' dir='ltr'>Char.</span> <span class='ocrx_word' id='word_1_305' title='bbox 236 3921 259 3957; x_wconf 85' lang='lat' dir='ltr'>c.</span> <span class='ocrx_word' id='word_1_306' title='bbox 275 3905 308 3957; x_wconf 86' lang='lat'>15</span> <span class='ocrx_word' id='word_1_307' title='bbox 322 3920 395 3972; x_wconf 90' lang='lat' dir='ltr'>seqq.</span> 
     </span>
    </p>

    <p class='ocr_par' dir='ltr' id='par_1_5' title="bbox 136 3988 1247 4150">
     <span class='ocr_line' id='line_1_36' title="bbox 225 3988 1247 4061; baseline -0.006 -16"><span class='ocrx_word' id='word_1_308' title='bbox 225 3993 251 4058; x_wconf 82' lang='grc'>2)</span> <span class='ocrx_word' id='word_1_309' title='bbox 270 3992 354 4045; x_wconf 89' lang='lat' dir='ltr'>Recte</span> <span class='ocrx_word' id='word_1_310' title='bbox 373 3991 446 4044; x_wconf 89' lang='lat' dir='ltr'>enirn</span> <span class='ocrx_word' id='word_1_311' title='bbox 463 3991 634 4046; x_wconf 84' lang='lat' dir='ltr'>Schwarzius</span> <span class='ocrx_word' id='word_1_312' title='bbox 654 4010 679 4061; x_wconf 89' lang='lat' dir='ltr'>p.</span> <span class='ocrx_word' id='word_1_313' title='bbox 693 3993 744 4046; x_wconf 83' lang='lat'>566</span> <span class='ocrx_word' id='word_1_314' title='bbox 763 3992 886 4059; x_wconf 82' lang='lat' dir='ltr'>annotat,</span> <span class='ocrx_word' id='word_1_315' title='bbox 906 3991 940 4044; x_wconf 87' lang='lat' dir='ltr'>ad</span> <span class='ocrx_word' id='word_1_316' title='bbox 957 3990 1042 4044; x_wconf 84' lang='lat' dir='ltr'>verba</span> <span class='ocrx_word' id='word_1_317' title='bbox 1065 4005 1088 4043; x_wconf 90' lang='lat' dir='ltr'>c.</span> <span class='ocrx_word' id='word_1_318' title='bbox 1105 3989 1134 4041; x_wconf 79' lang='lat'>4:</span> <span class='ocrx_word' id='word_1_319' title='bbox 1161 3988 1247 4056; x_wconf 69' lang='grc' dir='ltr'><em>μηδε-</em></span> 
     </span>
     <span class='ocr_line' id='line_1_37' title="bbox 136 4078 1075 4150; baseline -0.006 -16"><span class='ocrx_word' id='word_1_320' title='bbox 136 4081 184 4140; x_wconf 78' lang='grc' dir='ltr'>νὸς</span> <span class='ocrx_word' id='word_1_321' title='bbox 203 4082 286 4131; x_wconf 68' lang='grc' dir='ltr'><strong><em>ἄλλοι)</em></strong></span> <span class='ocrx_word' id='word_1_322' title='bbox 304 4079 484 4147; x_wconf 87' lang='lat' dir='ltr'>supplendum</span> <span class='ocrx_word' id='word_1_323' title='bbox 504 4094 563 4132; x_wconf 89' lang='lat' dir='ltr'>esse</span> <span class='ocrx_word' id='word_1_324' title='bbox 583 4079 771 4150; x_wconf 53' lang='lat' dir='ltr'>summor,</span> <span class='ocrx_word' id='word_1_325' title='bbox 792 4093 845 4131; x_wconf 91' lang='lat' dir='ltr'>non</span> <span class='ocrx_word' id='word_1_326' title='bbox 864 4092 923 4130; x_wconf 87' lang='lat' dir='ltr'>esse</span> <span class='ocrx_word' id='word_1_327' title='bbox 941 4078 1075 4130; x_wconf 86' lang='lat' dir='ltr'>neutrum.</span> 
     </span>
    </p>
   </div>
   <div class='ocr_carea' id='block_1_4' title="bbox 0 0 1420 4606">
    <p class='ocr_par' dir='ltr' id='par_1_6' title="bbox 0 0 1420 4606">
     <span class='ocr_line' id='line_1_38' title="bbox 0 0 1420 4606; baseline 0 0"><span class='ocrx_word' id='word_1_328' title='bbox 0 0 1420 4606; x_wconf 95' lang='lat' dir='ltr'> </span> 
     </span>
    </p>
   </div>
  </div>
 </body>
</html>
