2820 4606
597 261 902 320 --25-.

148 415 298 495 ‘salutem
321 433 396 496 dicit
404 434 421 514 ⁷,
451 436 482 495 et
508 432 729 495 salutationem
756 432 839 494 inter
866 452 900 496 se
927 436 1160 497 occurrentium
1182 433 1256 497 ‘tibi

149 536 309 600 salutem’.
354 537 471 600 Tamen
501 537 568 619 ipse
598 537 703 600 statim
732 536 875 599 confiteri
904 544 1031 602 coactus
1059 544 1119 622 est,
1147 558 1256 602 vocem

148 640 375 705 ‘valetudinis’
395 634 520 705 ¹melius
542 641 732 724 respondere
754 642 794 704 ad
816 661 965 725 graecum
996 639 1132 727 ‘tylae'
1161 664 1256 726 quam

150 746 280 810 ‘salutis
288 746 304 808 ’.
341 746 453 829 Itaque
477 747 599 809 etiamsi
624 765 705 828 quae
729 746 928 811 Schwarzius
943 747 990 811 ‘de
1013 748 1256 826 salutationibus

146 851 211 913 illis
248 851 397 915 disseruit
432 855 516 914 recta
551 851 743 933 iudicemus,
780 851 819 914 de
849 850 989 915 Luciano
1021 853 1129 936 lingua
1159 853 1257 916 latina

147 955 229 1018 bene
261 955 385 1018 erudito
421 954 524 1018 adhuc
558 954 739 1018 dubitemus
773 960 913 1038 oportet:
945 962 1028 1020 certe
1059 958 1144 1020 enim
1175 958 1257 1020 male

148 1061 307 1123 convertit
328 1078 437 1123 vocem
459 1060 597 1123 latinam.

238 1162 300 1228 Sed
329 1163 499 1229 Schwarzii
531 1167 685 1228 sententia
711 1165 789 1227 mihi
820 1165 949 1248 quidem
975 1165 1118 1229 nondum
1145 1185 1257 1248 appro-

148 1269 222 1333 bata
245 1273 300 1333 est.
347 1268 510 1344 Quomodo
538 1271 621 1332 onim
650 1269 704 1332 illo
732 1270 882 1332 ‘salutem
905 1269 981 1332 dicit
991 1270 1007 1351 ',
1036 1272 1071 1332 in
1094 1289 1157 1352 quo
1178 1271 1258 1332 nihil

149 1375 211 1437 nisi
235 1375 353 1456 optatio
375 1375 470 1455 inest,
495 1371 735 1457 ‘rropdyyetpo’
759 1373 839 1436 illud
860 1375 1086 1437 continetur?¹
1114 1373 1257 1456 Quocum

149 1480 268 1562 optime
288 1479 434 1561 congruit
456 1478 622 1560 illaquam
637 1478 858 1541 Wielandius²
881 1478 970 1541 affert
987 1478 1137 1542 formula:
1161 1479 1258 1542 ‘vale-

149 1584 293 1647 tudinem
322 1589 410 1647 tuam
433 1602 508 1646 cura
531 1583 716 1666 diligenter)
763 1582 973 1666 Cogitandum
996 1584 1070 1666 erit,
1103 1585 1136 1646 ni
1158 1583 1258 1666 fallor,

149 1690 256 1771 potius
280 1688 319 1751 de
340 1689 414 1751 hac:
445 1688 537 1751 ‘cura
560 1692 596 1751 ut
618 1689 724 1751 valeas
735 1688 751 1770 ’,
783 1707 863 1770 quae
887 1707 979 1770 saepe
999 1689 1034 1750 in
1055 1688 1118 1751 fine
1140 1690 1258 1771 epistu-

150 1795 252 1856 larum
275 1797 455 1876 usurpatur.
500 1793 572 1856 Hoc
592 1792 686 1855 modo
708 1792 789 1855 illud
820 1788 1089 1872 ‘delucidatur’
1113 1793 1164 1857 vel
1186 1813 1258 1875 pro-

154 1900 235 1962 xime
258 1898 298 1960 ad
320 1898 454 1960 latinum
478 1897 621 1960 ‘curare’
645 1896 770 1959 accedit.
815 1897 924 1977 Atque
946 1916 1129 1979 quanquam
1147 1896 1259 1960 Lucia·

155 2023 228 2066 num
256 2004 318 2066 hoo
346 2003 439 2066 modo
469 2003 565 2066 finem
595 2003 804 2084 epistularum
833 2004 906 2064 cum
934 2004 974 2065 iis
999 2022 1080 2085 quae
1109 2004 1143 2064 in
1165 2005 1258 2067 initio

154 2109 232 2172 dicta
254 2109 370 2190 solent,
392 2110 527 2191 turpiter
549 2109 791 2170 commutavisse
813 2127 942 2170 necesse
965 2113 1026 2186 est,
1051 2112 1157 2170 tamen
1172 2108 1259 2171 hunc

150 2214 273 2298 lapsum
298 2251 338 2258 -
364 2215 419 2296 qui
448 2213 585 2296 profecto
613 2214 713 2295 major
742 2218 836 2296 esset,
869 2233 964 2295 quam
994 2232 1051 2294 pro
1082 2233 1145 2295 quo
1172 2214 1259 2276 illam

150 2318 366 2382 defensionem
397 2320 521 2401 scripsit
546 2316 647 2380 —ab
677 2337 712 2382 eo
741 2319 943 2381 commissum
967 2336 1035 2380 esse
1057 2337 1187 2400 prorsus
1210 2320 1258 2380 in-

149 2423 298 2487 credibile
327 2444 392 2487 non
424 2429 478 2487 est.
524 2424 586 2488 Sed
617 2443 690 2485 cum
719 2443 760 2486 ne
789 2423 867 2486 haec
897 2421 1026 2505 quidem
1051 2424 1086 2484 in
1113 2423 1258 2506 epistulis

149 2533 299 2592 constans
328 2528 464 2591 formula
490 2530 543 2611 sit,
577 2529 657 2591 nihil
679 2547 737 2590 nos
760 2529 842 2590 scire
865 2528 941 2590 certi
963 2526 1127 2589 fatendum
1150 2532 1198 2590 est
1221 2527 1260 2590 de

152 2633 252 2695 forma
280 2633 451 2713 salutandi,
483 2633 520 2695 ad
546 2654 641 2715 quam
662 2632 794 2696 Luciani
816 2631 913 2694 verba
940 2631 1107 2714 spectant.3
1150 2632 1259 2713 Atque

152 2737 229 2801 haec
250 2737 398 2801 omnibus
415 2738 480 2801 fere
502 2759 553 2801 vv,
577 2739 627 2800 dd.
649 2739 744 2800 insita
765 2738 884 2819 opinio,
907 2737 946 2799 de
967 2736 1175 2820 epistularum
1196 2736 1259 2799 for-

153 2843 239 2905 mula
269 2842 403 2925 quadam
435 2844 564 2926 cogitari
593 2861 721 2906 necesse
744 2860 827 2923 esse,
858 2843 985 2904 omnino
1010 2847 1058 2904 est
1079 2841 1258 2904 evellenda:

241 3065 267 3131 1)
287 3063 470 3132 Schwarzius,
497 3065 543 3133 qui
567 3080 614 3133 pro
638 3072 685 3130 τῆς
711 3065 839 3133 ὑμετέρας
864 3063 977 3115 ‘clauo'
1003 3062 1118 3115 coniecit
1142 3061 1259 3124 ‘adreel

155 3154 298 3222 optationis
317 3152 456 3219 (sautem
475 3153 564 3219 dioit')
590 3155 617 3206 et
641 3151 832 3206 cohortationis
851 3149 1084 3219 (‘napciyyrlpa’)
1108 3166 1260 3218 repugnan-

154 3241 219 3294 tiam
242 3258 297 3295 non
320 3240 442 3306 sustulit,
474 3241 635 3294 sententiam
663 3256 727 3292 vero
752 3238 830 3306 plane
854 3238 987 3305 turbavit,
1017 3255 1080 3290 cum
1104 3237 1166 3290 voci
1191 3253 1215 3304 q.
1237 3252 1260 3288 e.

155 3329 338 3397 παράγγελμα
356 3327 510 3380 attribuerit
528 3329 598 3394 vim,
618 3344 699 3396 quam
716 3343 769 3381 non
786 3325 877 3379 habet.

241 3413 268 3480 2)
287 3413 405 3468 Lucians
420 3414 520 3466 Werlre
538 3415 564 3466 V
583 3431 610 3482 p.
625 3414 684 3466 241.

240 3502 268 3568 3)
289 3501 351 3554 Nisi
374 3502 443 3554 forte
466 3518 525 3555 eam
550 3519 631 3570 quam
649 3517 733 3570 paene
752 3499 896 3554 ridiculam
914 3516 987 3553 nuno
1006 3498 1178 3566 expositurus
1199 3514 1260 3551 sum

155 3590 284 3650 rationem
310 3588 432 3657 accipere
459 3589 516 3643 vis:
544 3588 702 3657 Apologiam
729 3604 776 3656 pro
805 3588 884 3655 lapsu
914 3587 984 3639 inter
1012 3585 1184 3639 salutandum
1209 3584 1260 3637 sub

156 3677 298 3731 Commodo
321 3676 480 3744 imperatore
504 3677 632 3744 scriptam
657 3693 716 3730 esse
740 3676 799 3728 veri
824 3675 995 3729 simillimum
1014 3675 1062 3727 est.
1100 3671 1261 3726 Commodus

156 3766 244 3818 autem
264 3766 388 3818 narratur
405 3764 576 3818 tardissimus
592 3764 678 3817 fuisse
697 3764 731 3817 ad
751 3763 934 3829 scribendum,
955 3762 1005 3828 ita,
1030 3762 1061 3813 ut
1085 3760 1114 3813 in
1136 3759 1261 3828 plurimis

155 3851 278 3920 epistulis
297 3850 391 3904 ‘Vale'
409 3853 515 3905 tantum
533 3852 673 3905 scriberet:
695 3851 727 3904 cl.
747 3850 855 3903 Aelium
874 3848 1060 3917 Lampridium
1078 3849 1107 3901 in
1125 3847 1173 3902 vit.
1188 3847 1261 3901 Com.

156 3955 176 3992 c.
194 3939 234 3991 13.
270 3937 378 4006 Itaque,
401 3938 424 3992 si
449 3939 592 4006 imperator
615 3939 802 3992 mandatorum
826 3936 939 4001 libeliis,
967 3952 1034 4004 quos
1056 3936 1086 3987 in
1109 3935 1262 4004 provincias

155 4026 255 4094 emisit,
274 4025 342 4080 tales
354 4025 478 4079 literulas
491 4026 628 4093 adiunxit,
650 4026 779 4094 optimam
795 4024 926 4078 habemus
940 4009 1098 4091 verborum,
1115 4021 1261 4090 dequibus

156 4113 271 4183 agimuS,
291 4113 506 4182 explicationem.
