2820 4606
593 209 825 267 -1o-'

149 375 336 464 Koioopog’
358 376 529 463 quominus
544 377 737 441 talemunus
759 383 792 441 et
814 377 1005 463 aLampone
1028 389 1059 446 et
1081 386 1255 453 aLuciano

150 486 405 548 administratum
419 503 487 548 esse
509 489 666 567 putemus.
711 483 792 546 Nam
809 486 1008 566 sequioribus
1030 491 1256 574 imperatorum

151 590 345 673 temporibus
380 591 485 652 omnia
514 588 578 651 fere
614 607 695 670 quae
725 588 799 650 olim
835 591 944 655 ordine
977 599 1073 677 atque
1104 598 1255 683 dignitate

151 696 270 758 civium
293 693 421 758 definita
436 699 526 757 erant
540 711 687 774 munera,
710 693 840 756 confusa
862 713 929 759 esse
952 702 1047 781 atque
1069 704 1256 769 conturbata

151 801 227 864 satis
248 801 395 863 constat¹

239 905 433 969 Fritzschius
451 903 671 987 magistratum
686 922 705 966 a
719 903 858 967 Luciano
874 907 979 972 verbis
1000 909 1058 986 τὰς
1071 921 1130 976 τοῦ
1144 910 1255 999 ἄρχον-

150 1031 206 1085 τος
228 1007 359 1093 γνώσεις
380 1009 473 1071 tacito
496 1008 624 1070 nomine
646 1007 776 1071 allatum
809 1007 1012 1100 δικαιοδόεην
1037 1015 1135 1081 fuisse
1156 1027 1254 1102 potat

153 1115 215 1179 Sed
237 1133 278 1177 ne
297 1115 356 1176 hoo
368 1113 495 1196 quidem
518 1113 596 1174 mihi
618 1113 688 1175 veri
711 1113 812 1177 simile
834 1115 968 1181 videtur.
1013 1119 1096 1184 Nam
1117 1124 1256 1206 primum
1313 1169 1316 1172 <

152 1239 181 1281 v.
195 1215 297 1302 ἄρχων
313 1224 368 1281 aut
390 1217 429 1280 de
451 1216 687 1301 magistratibus
701 1220 946 1302 municipalibus
969 1229 1026 1287 aut
1040 1225 1079 1289 de
1093 1229 1257 1310 praefectis

85 1370 88 1374 »
152 1325 332 1407 provinciae
356 1327 541 1406 usurpatur,
566 1323 593 1385 si
614 1328 721 1386 autem
741 1323 912 1388 iuridioum
925 1328 1138 1397 Alexandriae
1161 1337 1258 1420 signi·

152 1428 246 1492 ficare
261 1429 430 1510 voluisset,
451 1447 517 1489 non
533 1425 656 1509 dubito,
680 1429 760 1510 quin
783 1432 854 1493 ‘too
873 1440 929 1516 τῆς
950 1430 1077 1511 πόλεως
1099 1433 1257 1520 ἄρχοντος’

154 1535 297 1598 dicturus
324 1532 427 1595 fuerit.
477 1531 599 1595 Deinde
626 1531 722 1595 verba
750 1552 831 1616 quae
859 1542 934 1600 sunt
968 1539 1003 1600 in
1029 1540 1121 1624 Apol.
1150 1563 1175 1606 c.
1198 1546 1256 1609 12:

155 1644 227 1723 ‘alte
240 1632 390 1721 μεγίστης
404 1633 499 1721 ἀρχῆς
510 1643 719 1718 κοινωνοῦμεν
730 1633 785 1699 καὶ
796 1636 834 1701 τὸ
845 1635 941 1724 μέρος
952 1641 1258 1730 ooadtarupdusopcv'

152 1744 266 1806 melius
289 1742 328 1805 de
351 1760 387 1804 eo
409 1740 653 1825 intelleguntur,
677 1742 733 1824 qui
754 1743 910 1824 praefecto
933 1764 990 1829 per
1012 1753 1109 1813 totam
1131 1755 1276 1835 provin-‘

154 1849 232 1910 ciam
253 1849 304 1910 ius
336 1847 453 1909 dicenti
476 1845 648 1928 adstiterit,
678 1866 774 1929 quam
803 1849 846 1931 ei,
875 1851 930 1931 qui
957 1866 1055 1916 unam
1076 1858 1259 1940 provinciae

155 1950 263 2015 urbem
284 1950 513 2016 moderabatur.
856 1947 859 1955 ’

239 2057 352 2140 Itaque
369 2055 546 2119 Lucianum
563 2056 712 2137 praefecti
735 2057 880 2120 comitem
897 2058 995 2123 fuisse
1016 2067 1047 2125 et
1065 2074 1258 2132 commenta-

153 2163 264 2224 riensis
274 2166 306 2224 et
318 2162 471 2224 scriniarii
482 2166 514 2224 et
525 2161 616 2223 amici
625 2160 731 2223 locum
746 2162 885 2226 tonuisse
895 2164 973 2226 mihi
984 2171 1260 2247 persuasissimum
1278 2214 1283 2223 ·

153 2272 208 2330 est.
249 2266 364 2330 Omnia
379 2267 406 2328 si
417 2266 724 2348 ita-interpretamur,
748 2266 788 2329 ad
799 2266 933 2330 Luciam
943 2270 1040 2334 verba
1051 2275 1166 2356 optime
1186 2296 1260 2340 oon-

152 2373 295 2436 veniunt.
342 2370 479 2434 Comites
500 2372 599 2454 enim,
623 2372 678 2454 qui
694 2389 786 2454 saepe
801 2374 893 2435 amici
916 2380 1007 2438 erant
1022 2378 1260 2466 praefectorum,

152 2477 316 2560 publicum
331 2476 480 2540 salarium
503 2478 720 2559 acceperunt,²
749 2482 780 2539 et
805 2514 844 2522 -
867 2483 1007 2543 ceterum
1027 2481 1257 2549 fluctuantibus

154 2581 265 2645 officiis
281 2617 323 2626 -
339 2582 506 2664 praecipue
528 2581 563 2642 in
585 2581 655 2644 iure
670 2580 801 2644 dicendo
816 2584 934 2645 versati
951 2586 1051 2648 sunt³
1096 2586 1260 2653 Commen-
1336 2655 1339 2661 ,

154 2688 323 2750 tariensem
345 2705 420 2748 vero
443 2687 628 2748 tenuissimo
650 2685 718 2748 loco
740 2684 853 2768 fuisse,
877 2688 962 2768 quod
985 2689 1180 2756 Fritzsohius
1201 2695 1259 2761 lc.

153 2791 330 2873 contendit,
352 2795 417 2853 tam
432 2791 620 2874 generaliter
643 2790 705 2853 dici
719 2809 784 2852 non
807 2796 924 2873 potest:
948 2811 1070 2876 semper
1091 2799 1260 2880 respicien-

155 2897 248 2979 dum,
278 2897 405 2959 cuinam
425 2897 624 2979 magistratui
646 2895 937 2960 commentariensis
967 2898 1136 2966 adiunctus
1157 2903 1260 2969 fuant

154 3000 185 3064 N
187 3021 252 3083 am,
276 3000 361 3083 quod
382 3001 526 3083 proxime
549 3001 667 3064 accedit
690 3000 730 3062 ad
746 2999 879 3063 Luciani
893 3002 991 3066 verba
1012 2996 1111 3082 ἔθνος
1125 3003 1261 3094 ἐπιτρα-

154 3116 269 3192 πῆναι,
293 3107 518 3189 comperimus,
542 3125 559 3168 e
579 3105 910 3168 commentariensium
932 3108 1081 3190 praefecti
1103 3115 1260 3195 praetorio

154 3229 289 3275 numero
316 3216 536 3294 procuratores
563 3228 631 3274 esse
653 3209 816 3273 delectos.4
861 3209 942 3274 Cum
972 3219 1261 3287 commentariensis

245 3367 271 3432 1)
291 3366 324 3419 of.
343 3363 522 3432 Friedltinder,
541 3364 666 3419 Darstell.
694 3363 717 3417 Ι.
736 3382 760 3433 p.
775 3365 808 3419 55
827 3382 900 3436 seqq.

246 3453 274 3519 2)
293 3451 593 3521 Bathmmn-Hollweg
610 3452 628 3505 l.
645 3469 667 3506 o.
686 3452 722 3506 H.
740 3470 765 3521 p.
780 3452 831 3506 138
849 3470 891 3509 an.
906 3455 953 3509 15:
973 3456 1031 3510 ‘die
1050 3455 1196 3526 gesotzlioh
1214 3458 1260 3512 bo·

157 3542 276 3596 stimmto
291 3540 357 3596 Zahl
376 3541 435 3606 (der
451 3539 583 3607 comites),
602 3540 690 3593 durch
702 3539 806 3594 welche
818 3541 1049 3615 Privatbegleiter,
1068 3543 1190 3598 Freunde
1211 3550 1261 3601 eto.

156 3630 233 3684 nicht
251 3628 473 3699 ausgesohlossen
492 3626 565 3695 sind,
589 3628 663 3680 steht
686 3627 724 3680 im
747 3629 921 3683 tffontlichen
938 3630 1035 3685 Iliensi
1051 3631 1108 3684 und
1126 3633 1261 3702 ompfa'ngt

157 3715 411 3785 Staatsbosoldung!
449 3715 487 3769 Cf.
507 3713 665 3783 Mommsen,
684 3714 852 3771 Staatsreoht
868 3716 884 3770 I
900 3733 925 3785 p.
940 3715 1000 3772 246.

243 3804 269 3872 3)
287 3803 444 3871 Mommsen,
464 3802 630 3858 Staatsreoht
647 3803 662 3855 I
683 3820 709 3871 p.
722 3802 782 3856 223.
819 3803 929 3874 Madvig
947 3803 962 3857 I
979 3821 1005 3873 p.
1019 3802 1079 3858 589.

243 3891 271 3959 4)
294 3891 380 3946 Cauer
397 3891 427 3944 in
439 3890 551 3959 Ephem.
565 3890 647 3961 epigr.
666 3890 707 3944 IV
720 3909 745 3960 p.
758 3890 822 3945 425:
841 3891 977 3960 ‘apparet,
996 3909 1095 3947 munus
1110 3893 1181 3962 quod
1194 3892 1261 3946 dici·

156 3980 202 4032 tnr
225 3995 241 4033 a
265 3977 465 4034 commentariis
486 3978 681 4045 praefectorum
704 3978 836 4046 praetorio
860 3995 981 4035 summae
1008 3979 1147 4050 dignitatis
1169 3979 1262 4047 fuisse,

157 4065 285 4134 quoniam
304 4083 338 4119 ex
358 4082 388 4119 eo
406 4068 591 4133 procuratores
610 4065 675 4119 facti
694 4066 774 4119 sunt'

1045 4153 1087 4218 2*
