2820 4606
645 217 862 274 ..13-

202 398 257 452 tur
274 406 348 450 eum
362 385 496 450 Luciani
516 385 627 448 officiis
641 387 758 469 optime
772 393 966 468 oongruunt:
988 382 1257 470 ἱπεμνςμοτιζετο
1273 421 1305 436 =

204 489 415 575 ἱττομνήμτττα
429 487 634 575 γράφεσθαι,
656 488 715 564 τὰς
734 484 825 563 δίνας
846 483 983 571 εἰσάγων
997 521 1032 540 =
1045 489 1104 564 τάς
1125 486 1217 566 δίνας
1236 486 1305 553 εἰσ-

202 593 305 680 άγειν,
339 601 435 677 atque
461 596 558 657 etiam
580 612 661 677 quae
683 599 778 657 sunt:
808 591 977 678 παρεστὼς
1005 596 1073 669 τοῖς
1095 593 1245 679 ἡγεμόσιν
1266 597 1306 658 ad

202 700 430 765 Samosatensis
458 719 593 781 munus,
630 698 717 782 quod
744 718 771 763 e.
798 701 827 762 9.
860 695 1012 763 οινοιτιό
1045 708 1191 782 vocatur,
1225 701 1306 764 bene

202 805 367 888 quadrant
417 803 590 867 Postremis
619 823 694 866 vero
724 802 830 867 verbis
859 801 903 878 ὡς
931 797 1010 882 ἔχων
1035 802 1126 882 τάξιν
1154 806 1306 868 mendum

200 911 285 973 inest
305 908 441 992 aliquod
486 907 692 990 Fritzsohius,
715 909 771 991 qni
784 908 956 971 nonnullos
970 909 1057 971 oodd.
1073 908 1216 992 llangei,
1234 920 1306 994 post

202 1035 231 1076 v.
251 1011 366 1092 “τάξιν’
391 1012 586 1075 inculcantes
609 1009 769 1076 ‘rotdrda'
797 1014 958 1095 seqnitur,
987 1013 1144 1095 explieat:
1171 1015 1305 1098 ‘quippe

202 1119 258 1201 qui
280 1119 343 1181 tale
364 1137 483 1181 munus
505 1116 620 1198 obiret,
641 1118 703 1182 ie.
726 1119 844 1200 qnippe
866 1119 923 1200 qni
941 1124 1024 1181 esset
1045 1115 1305 1200 hypomnemato

150 1270 154 1275 .
200 1222 360 1307 graphas!
404 1222 466 1287 Sed
487 1223 547 1285 hoe
569 1240 772 1305 nequaquam
785 1221 871 1284 idem
885 1228 948 1304 est,
970 1242 1045 1284 nam
1060 1224 1117 1305 qni
1130 1223 1304 1306 hypomne-

200 1335 285 1391 mata
294 1328 419 1411 scripsit
428 1326 600 1409 iudiciaria,
616 1327 760 1389 nondum
769 1326 1152 1411 hypomnematographus
1162 1328 1304 1392 Alexan-

200 1433 312 1496 drinus
331 1432 494 1516 putandus
516 1437 573 1495 est
618 1430 752 1513 Propter
773 1431 855 1494 hane
881 1432 984 1514 ipsam
1004 1437 1110 1496 autem
1132 1432 1303 1497 verborum

200 1537 344 1601 Philonis
374 1544 407 1601 et
434 1536 565 1599 Lueiaui
593 1535 831 1599 similitudinem
856 1535 1021 1600 Fritzsehii
1047 1537 1141 1600 lectio
1163 1536 1207 1613 ὡς
1225 1531 1304 1616 ἔχων

198 1640 290 1721 τάξιν
310 1638 437 1705 τοιάνδε
459 1641 537 1704 mihi
560 1641 689 1724 quidem
711 1628 841 1704 minime
870 1641 980 1726 placet
1025 1641 1109 1705 Nam
1137 1662 1211 1706 oum
1240 1643 1301 1705 alia

199 1748 305 1810 omnia
327 1747 418 1829 quasi
441 1745 583 1810 dimensa
604 1752 637 1810 et
657 1747 746 1829 paria
765 1753 957 1830 eongruant,
978 1747 1029 1810 his
1050 1766 1177 1830 quoque
1196 1746 1299 1809 verbis

200 1850 243 1927 ὡς
264 1845 342 1930 ἕξων
354 1848 444 1929 τάξιν
459 1852 669 1933 respondeant
688 1856 811 1934 oportet
830 1851 943 1914 similia
958 1851 1112 1934 quaedam
1135 1871 1177 1916 ex
1189 1849 1300 1913 Lucia-

199 1958 276 2020 neis.
322 1954 484 2032 Quaenam
505 1956 582 2020 haee
603 1958 682 2035 sint,
704 1974 746 2019 ex
767 1975 858 2038 vore,
882 1976 911 2038 q.
927 1974 952 2019 ε.
975 1953 1065 2034 τάξις
1087 1957 1300 2040 cognoscitur:

199 2079 304 2144 neque
318 2062 430 2143 'igitur
458 2060 584 2143 dubito,
615 2062 693 2144 quin
722 2080 759 2123 ea
788 2061 852 2124 sint
879 2062 925 2124 ita
957 2061 1167 2143 emendanda,
1195 2067 1233 2124 ut
1262 2062 1303 2124 ad

199 2165 393 2229 Lucianeum
414 2165 510 2229 illud:
535 2161 605 2227 ‘zai
626 2162 717 2243 τάξιν
738 2161 850 2240 abac
870 2165 926 2252 τὴν
947 2163 1171 2251 προσάγουσαν
1192 2162 1300 2226 ἕντιτι-

198 2266 309 2332 θένοι’
332 2289 427 2352 quam
448 2271 593 2352 proxime
615 2269 774 2333 accedant
817 2269 931 2352 Itaque
952 2271 1059 2334 malim
1078 2269 1205 2351 Maugei
1227 2286 1301 2329 eon-

198 2377 351 2439 ieeturam
373 2373 520 2458 probare:
554 2373 611 2450 ‘og
632 2368 734 2453 ἔχοιεν
755 2371 864 2462 τάξιν.’

287 2477 374 2555 Quae
396 2499 470 2542 oum
483 2480 535 2542 ita
557 2481 636 2561 sint,
658 2479 738 2542 nihil
759 2484 822 2562 est,
842 2499 900 2543 eur
912 2479 1054 2563 Iampon
1075 2479 1301 2561 hypomnema-

198 2585 370 2670 tographus
390 2584 620 2663 existimandus
642 2585 690 2648 sit.
736 2584 837 2648 Immo
858 2604 901 2649 err
923 2605 960 2650 eo
983 2584 1068 2668 quod
1080 2583 1215 2648 Philone
1236 2606 1302 2649 non

197 2692 241 2754 ita
270 2689 440 2754 honorilice
462 2695 615 2754 tractatur
643 2689 785 2774 intellegi
810 2692 874 2754 iam
898 2691 1002 2773 debet,
1028 2708 1101 2753 eum
1130 2691 1164 2752 in
1191 2709 1302 2754 eorum

198 2814 331 2859 numero
359 2795 536 2878 putandum
564 2814 644 2879 esse,
676 2815 756 2878 quos
780 2798 902 2859 romani
928 2796 1131 2880 magistratus
1156 2794 1215 2858 sibi
1240 2798 1303 2879 ipsi

199 2899 400 2964 assumebant
421 2899 567 2964 officiales
591 2907 623 2964 et
645 2901 782 2966 comites.
822 2901 936 2984 Itaque
957 2920 1151 2983 quamquam
1170 2900 1302 2965 fortasse

198 3005 377 3087 Aegyptius
397 3010 471 3088 erat,
491 3003 623 3089 ignobili
642 3004 711 3068 loeo
730 3010 833 3087 natus,
853 3004 1050 3089 apraefeotO,
1072 3006 1189 3090 quippe
1207 3024 1300 3088 quem

199 3106 361 3194 δυνάστην,
386 3105 560 3195 εὐεργέτην,
590 3119 716 3195 σωτῆρα
738 3110 924 3194 appellasset
945 3109 988 3194 (p.
1007 3109 1097 3195 983),
1124 3111 1164 3173 ad
1183 3129 1302 3173 munus

198 3214 278 3278 illud
300 3220 527 3298 quaestuosum
550 3215 651 3280 elatus
674 3234 742 3280 esse
764 3216 899 3280 videtur
947 3212 1016 3291 Quo
1039 3215 1158 3278 factum
1181 3220 1241 3299 est,
1266 3222 1304 3279 ut

197 3338 303 3403 noque
319 3319 404 3402 apud
418 3319 585 3402 Philonem
604 3339 709 3404 neque
719 3362 721 3367 s
730 3320 815 3403 apud
829 3319 1007 3384 Lueiannm
1023 3323 1145 3381 eertum
1160 3321 1303 3382 muneris

198 3442 313 3488 nomen
334 3424 465 3486 allatum
482 3426 531 3507 sit,
554 3425 648 3508 quod,
671 3426 699 3488 si
713 3425 751 3488 de
766 3422 1129 3508 hypomnematographo
1146 3429 1302 3507 ageretur,

197 3530 314 3592 mirum
329 3534 419 3592 esset.
446 3529 542 3592 Tituli
557 3531 642 3593 enim
654 3534 750 3612 atque
763 3528 864 3592 offioia
878 3547 1072 3591 assessorum
1085 3525 1302 3610 comitumque

196 3633 329 3696 Luciani
339 3633 533 3716 temporibus
547 3634 771 3718 nondumlege
783 3633 859 3696 satis
875 3633 1029 3696 destinata
1041 3634 1155 3695 erant¹
1188 3632 1302 3715 Neque

196 3757 272 3802 vero
292 3738 483 3821 impedimur
498 3738 661 3803 Strabonis
675 3738 794 3803 verbis:
819 3731 1000 3817 (οἰκονόμοι
1013 3733 1070 3800 καὶ
1084 3733 1303 3821 ἀπελεύθεροι

284 3977 310 4043 1)
330 3977 363 4030 of.
384 3975 694 4045 Bethmann·Hollweg‚
711 3973 891 4042 Civilproeess
904 3973 942 4042 H,
959 3991 985 4042 p.
1000 3974 1058 4027 137.
1095 3974 1215 4042 Madvig,
1232 3973 1300 4026 Ver-

196 4062 308 4131 fassuug
325 4066 375 4116 eto.
396 4063 442 4116 dos
461 4066 527 4117 rbm.
545 4061 648 4116 Reiohs
666 4060 707 4129 II,
726 4079 751 4130 p.
766 4061 823 4115 110.
950 4127 952 4131 ⁷
