2820 4606
553 175 807 270 Ι462-

144 379 250 458 posset
277 372 400 458 (fragm.
424 371 492 436 XX
512 371 590 455 m),
619 393 694 435 nam
716 374 840 454 putavit
861 373 1006 436 hemines
1028 372 1067 435 ab
1089 374 1142 455 iis,
1173 393 1255 455 quos

145 481 263 542 amieos
285 497 352 541 esse
374 477 591 559 credidissent,
614 476 759 560 pluribus
779 457 862 541 affici
881 478 988 560 malis,
1011 498 1106 559 quem
1129 477 1168 540 eb
1192 479 1255 540 ini-

144 585 236 648 micis
273 583 393 667 (fragm.
421 581 538 645 XVIII
564 581 636 665 m).
690 580 751 645 Sed
788 584 816 645 si
853 582 980 664 quando
1017 584 1154 645 amicum
1192 581 1254 645 sibi

146 690 329 772 assumpsit,
354 689 440 751 hune
462 689 660 751 carissimum
681 687 793 750 habuit
816 693 848 750 et
870 688 979 751 morbo
995 688 1047 750 vel
1065 693 1167 752 morte
1186 689 1256 769 eius

146 795 198 857 vel
219 795 358 856 maximo
382 792 489 857 dolere
511 792 646 856 afflictus
670 798 717 855 est
738 791 777 875 (e.
799 794 848 856 10.
870 792 979 876 fragm.
1001 779 1087 856 XXI
1109 793 1184 875 m).

234 899 323 962 Haec
343 898 407 962 fere
430 898 583 961 habemus
605 916 686 983 quae
708 902 746 960 ut
765 896 969 962 Demenaetis
990 893 1125 981 persona
1145 898 1257 961 adum-

132 1003 269 1085 bretur,
300 1004 410 1066 efferre
439 1002 523 1078 libet.
568 1001 676 1066 ‘Certe
707 1002 826 1065 Zellem
856 1004 1067 1066 assentiemus
1095 1003 1255 1066 dieenti1:

148 1107 330 1171 ‘Demonax
358 1107 501 1171 zeiehnet
533 1107 599 1169 sich
627 1107 699 1170 weit
721 1107 811 1169 mehr
834 1106 942 1170 durch
957 1108 1065 1170 seinen
1088 1107 1258 1170 Charaeter

148 1214 194 1276 als
225 1213 324 1276 dumh
355 1214 441 1276 seine
468 1211 697 1275 Wissenschaft
726 1211 799 1275 aus'
829 1218 875 1275 et:
908 1211 1002 1274 ‘Eine
1024 1211 1257 1276 wissenschaft-

147 1318 228 1381 h'ehe
243 1317 435 1404 Bedeutung
455 1316 508 1379 hat
524 1316 599 1380 aber
612 1315 779 1380 Demonax
795 1337 829 1379 se
844 1319 961 1400 menig,
983 1317 1029 1380 aIs
1044 1319 1095 1379 ein
1111 1317 1259 1380 Anderer

117 1459 119 1462 >
149 1443 212 1485 ven
235 1422 336 1485 dieser
357 1421 537 1505 Richtung.’
1012 1439 1013 1442 ’

239 1664 265 1728 1)
285 1661 458 1729 Philosophie
477 1661 524 1714 der
542 1661 673 1714 Grie'ehen
692 1660 746 1728 111,
766 1663 779 1712 1
801 1678 826 1729 p.
841 1660 900 1714 692.
915 1660 975 1714 693.
