2820 4606
631 221 821 278 ,8-

177 393 291 475 ltaque
312 391 475 454 Timonem
497 389 646 474 Dialogus
669 389 868 453 Mortuerum
890 390 1074 471 Tyrannum
1097 393 1153 452 etc.
1175 393 1278 470 poste-

177 498 253 560 riori
275 497 408 578 tempori
430 494 581 558 attribuit.

264 599 571 666 Summerbrcdtius1
613 599 712 662 Veras
752 599 911 663 Historias
947 599 1080 662 Luciani
1124 597 1279 662 secundae

177 706 305 790 periodo
327 706 505 788 adscripsit,
526 705 578 767 oui
593 704 689 766 verba
703 705 899 787 praeposuit:
923 703 1093 768 ‘Schriften
1109 704 1165 766 der
1179 689 1280 765 llber-

177 811 412 894 gangsperiode.
458 808 712 911 Beschaiftigung
731 809 788 871 mit
810 809 866 872 der
886 809 1106 892 Philosophie.'
1129 863 1130 872 .

268 914 338 990 Qua
371 914 409 977 de
441 932 475 976 re
506 913 608 977 facere
640 934 707 976 non
738 933 867 996 possum
904 915 982 995 quin
1016 914 1105 977 aliter
1136 913 1281 977 iudicem.
1392 900 1394 905 ’

178 1020 350 1082 Auctorem
381 1020 465 1082 enim
493 1018 601 1081 Verar.
626 1018 708 1081 Hist.
735 1017 787 1081 vel
813 1018 949 1101 plurima
976 1018 1133 1082 lectitasse
1159 1018 1281 1099 conspi-

179 1142 276 1187 cuum
303 1129 367 1188 est:
399 1123 453 1187 sed
476 1143 541 1185 non
568 1127 632 1186 tam
654 1122 912 1207 philosophorum
935 1124 1050 1207 scripta
1071 1123 1282 1203 rhetorumve,

181 1249 276 1312 quam
314 1229 516 1310 historiarum
545 1228 788 1310 fabularumque
818 1229 930 1312 copias.
985 1228 1136 1312 Tempore
1167 1233 1282 1308 autem,

181 1354 244 1416 quo
276 1333 561 1398 Sommerbrodtius
594 1332 695 1396 Veras
728 1333 811 1397 Hist.
847 1335 1038 1416 conscriptas
1071 1352 1139 1397 esse
1172 1333 1282 1415 voluit,

179 1437 319 1501 Lucieno
339 1458 469 1521 prorsus
493 1439 553 1501 alia
575 1457 669 1502 curae
689 1443 793 1502 erant:
826 1439 1042 1521 philosophica
1064 1442 1096 1501 et
1117 1438 1282 1500 rhetorica.

181 1542 325 1607 Concedo
345 1543 547 1626 philosophos
568 1545 663 1607 etiam
682 1545 717 1604 in
736 1542 810 1606 Ver.
826 1542 909 1606 Hist.
925 1542 968 1624 II,
987 1542 1026 1605 17
1043 1562 1128 1625 seqq.
1153 1544 1181 1605 ei
1202 1542 1283 1605 ludi-

180 1646 249 1710 brio
271 1666 348 1730 esse,
370 1649 416 1710 ita
433 1653 548 1730 tamen,
569 1653 606 1711 ut
624 1648 737 1711 leviter
750 1648 1004 1730 perstringantur
1020 1648 1109 1729 quasi
1125 1667 1143 1709 a
1157 1648 1283 1729 victore,

182 1752 237 1832 qui
266 1752 329 1814 iam
359 1751 481 1835 pridem
510 1752 591 1815 serio
621 1770 694 1814 cum
723 1753 762 1814 iis
785 1751 932 1814 dimicare
961 1750 1123 1815 destiterit.
1169 1751 1284 1814 Paucis

180 1857 280 1939 igitur
311 1856 371 1918 hoc
402 1856 469 1919 loco
500 1856 731 1939 complectitur,
785 1874 845 1919 uae
878 1855 996 1938 ubique
1028 1857 1062 1917 in
1096 1875 1148 1919 eos
1181 1857 1285 1918 iocosa

183 1961 381 2043 satyrioaque
409 1962 588 2024 iactaverat.
634 1960 798 2036 Quaenam
819 1980 893 2024 vero
917 1961 998 2024 seria
1020 1961 1183 2044 pugnandi
1206 1961 1284 2023 ratic

181 2063 313 2127 Luciam
340 2065 448 2147 fuerit,
482 2067 509 2128 si
539 2085 727 2150 cognoscere
760 2066 901 2149 studeas,
934 2085 1094 2149 compares
1124 2067 1284 2149 egregium

184 2171 238 2252 qui
257 2169 476 2234 Hermotimus
498 2171 682 2235 inscribitur
704 2172 870 2255 dialogum.

271 2273 439 2358 Complura
469 2274 581 2339 deinde
612 2296 653 2339 ex
682 2277 759 2359 ipsis
789 2276 862 2338 Ver.
893 2275 976 2339 Hist.
1006 2276 1111 2359 colligi
1144 2279 1285 2360 possunt.

183 2380 315 2463 Saepius
347 2381 432 2443 enim
465 2382 579 2465 scripta
609 2381 669 2443 alia
703 2401 760 2444 sua
794 2381 884 2463 quasi
921 2380 1017 2464 digito
1051 2381 1285 2444 demonstravit.
1367 2451 1371 2459 ,

182 2484 295 2566 Itaque
317 2489 442 2568 praeter
463 2484 503 2549 V.
524 2485 566 2548 Η.
588 2485 635 2567 Π,
658 2487 698 2549 18
728 2485 825 2548 verba
856 2489 934 2547 ‘cmv
957 2481 992 2548 δέ
1013 2487 1161 2548 Στωικῶν
1184 2481 1296 2560 oddelg·

182 2599 302 2674 παρῆν·
332 2583 381 2652 ἐτι
411 2589 470 2675 γὰρ
499 2585 643 2674 ἐλέγοντο
671 2585 853 2672 ἀναβαίνειν
880 2588 936 2652 τὸν
963 2600 1019 2676 τῆς
1039 2588 1151 2676 αρετῆς
1174 2583 1289 2675 ὄρθιον

183 2690 308 2780 λύματ’,
334 2714 414 2778 quae
438 2695 476 2757 ad
498 2695 732 2758 Hermotimum
755 2693 805 2780 (cf.
830 2715 855 2758 o.
873 2692 905 2779 5)
929 2685 1192 2777 reicienda'sunt,
1215 2715 1289 2758 con-

183 2797 324 2862 ferantur
352 2799 391 2861 V.
414 2799 455 2862 H.
478 2799 524 2882 H,
550 2802 584 2863 9:
631 2794 737 2885 (τρίτη
767 2799 794 2862 d’
819 2796 978 2885 ἐδικάσθη
1008 2795 1086 2883 περί
1115 2795 1290 2883 προεδρίας

183 2896 380 2989 Ἀλεξάνδρῳ
408 2924 444 2965 τε
473 2915 519 2988 τῷ
550 2899 722 2966 Φιλίππου
751 2900 805 2966 καὶ
828 2897 958 2989 Ἀννίβᾳ
985 2915 1031 2987 τῷ
1063 2900 1287 2990 Kapquovr'rp’

183 3027 255 3070 cum
280 3006 359 3071 Dial.
384 3007 477 3071 Mort.
500 3008 583 3089 XII3
607 3007 645 3072 V.
668 3009 710 3072 H.
731 3008 761 3091 I,
784 3011 842 3072 29:
868 3001 966 3071 ιε”νθα
986 3005 1041 3070 καὶ
1063 3007 1118 3072 τὸν
1140 3006 1290 3095 ἡμέτερον

19 3112 22 3119 '
74 3115 76 3117 ’
184 3110 291 3191 λύχνον
328 3108 482 3196 ἐγνώρισα
517 3110 571 3175 καὶ
602 3115 785 3199 προσεῖπον
813 3109 909 3175 αὐτὸν
937 3108 991 3175 καὶ
1023 3109 1099 3199 περὶ
1128 3123 1190 3176 τῶν
1220 3111 1288 3175 κατ’

186 3206 272 3280 οἶκον
302 3213 529 3302 ἐπυνθανόμην
559 3214 648 3294 ὅπως
677 3211 794 3296 ἐχοιεν·
827 3215 845 3279 ὁ
875 3212 912 3280 δέ
942 3240 998 3298 μοι
1026 3218 1156 3280 ἅπαντα
1186 3214 1290 3280 ἐκεῖνα

185 3319 374 3407 διηγήσατο’
398 3341 470 3384 cum
489 3321 630 3403 Tyranni
650 3343 675 3387 c.
694 3325 733 3386 27
744 3323 776 3404 32
796 3321 1014 3405 V.H.11‚24
1038 3320 1290 3403 ιμυσαττόμενος

184 3425 239 3512 τὴν
268 3422 506 3513 κααμοφαγίαν’
541 3445 614 3489 oum
644 3428 709 3490 Vit.
740 3428 834 3491 Auot.
866 3445 890 3490 c.
914 3427 950 3488 6:
986 3426 1020 3513 ‘ll
1049 3424 1190 3512 μυσάττῃ
1217 3426 1290 3502 τοὺς

184 3527 353 3611 acciperes
377 3531 415 3592 V.
431 3530 472 3593 H.
488 3530 530 3612 II,
547 3532 604 3594 31:
629 3530 791 3616 ‘noloque
814 3528 996 3617 ἐφειστέμει
1021 3526 1129 3612 Τίμων
1151 3524 1289 3617 diroq-

107 3692 112 3701 .
184 3636 286 3711 ναῖος’
310 3654 383 3698 oum
405 3635 543 3700 Timone.

274 3895 299 3961 l)
319 3893 508 3962 Ausgew'a'hlte
528 3891 662 3946 Schriften
681 3894 728 3947 des
748 3893 814 3946 Luc.
832 3893 847 3946 I
868 3910 893 3961 p.
911 3892 975 3946 XX.

274 3981 300 4048 2)
319 3981 474 4049 Tyrannum
498 3998 520 4034 c.
544 3998 567 4035 a.
588 3981 639 4035 170
663 3980 794 4048 scripturn
817 3996 876 4034 esse
901 3979 1067 4034 Fritzschius
1096 3979 1235 4034 contendit
1261 3980 1290 4031 in

186 4068 250 4125 edit.
269 4067 323 4137 ΠΙ,
342 4067 358 4120 2
379 4084 404 4136 p.
419 4066 477 4122 127.
