2820 4606
593 211 809 268 „42-

151 381 206 445 sed
229 382 425 464 eclecticum,
457 384 512 465 qui
535 382 574 445 ob
598 402 667 446 eam
690 402 818 446 causam
841 381 881 444 ad
904 380 1095 462 Cynicorum
1118 379 1264 463 discipli·

150 506 225 549 nam
256 487 358 568 specie
385 489 516 570 propius
546 486 727 569 accedebat,
759 485 844 568 quod
872 505 936 549 non
965 490 1030 549 tam
1057 485 1205 548 doctrina
1234 488 1267 548 et

152 588 339 673 subtilitate,
362 611 456 673 quam
480 582 679 675 simplicitate
698 596 730 655 et
750 596 864 654 natura
884 588 1170 673 philosophabatur.

115 715 118 721 ·
239 693 438 759 Schwarzius
464 697 562 779 igitur
589 714 625 759 eo
653 697 785 760 consilio
808 695 1010 759 Demonactis
1032 695 1131 757 vitam
1154 714 1173 757 a
1197 678 1293 759 Lu·‘

150 799 240 861 ciano
263 800 407 882 scriptam
432 804 536 882 putat,
559 805 597 863 ut
619 801 770 883 optimam
793 800 972 883 philosophi
995 799 1131 882 speciem
1149 798 1267 882 depin-

151 908 246 985 geret.
293 903 384 968 Certe
409 924 449 968 ex
472 924 514 969 co.
536 907 552 968 1
571 907 637 968 et2
661 906 775 987 elucet,
800 910 960 968 auctorem
983 923 1109 987 operam
1132 923 1268 988 navare,

150 1013 188 1070 ut
213 1009 395 1092 exemplum
421 1009 601 1093 philosophi
622 1009 698 1073 boni
721 1009 985 1091 adolescentibus,
1017 1010 1074 1091 qui
1095 1009 1136 1072 ad
1157 1009 1268 1092 philo·

34 1106 38 1113 ’
151 1113 279 1196 sophiae
299 1114 440 1178 studium
463 1134 531 1179 sese
555 1115 629 1179 dare
651 1116 764 1194 velint,
788 1120 913 1199 praesto
933 1116 987 1197 sit,
1011 1113 1047 1177 cf.
1068 1133 1094 1180 o.
1110 1115 1148 1176 2:
1174 1112 1266 1190 ug..
1312 1150 1319 1165 ·

152 1211 182 1280 oi
205 1214 422 1301 peccatotorum
444 1221 506 1280 τῶν
526 1216 603 1282 νέων
621 1217 676 1282 καὶ
698 1219 781 1304 πρὸς
796 1213 993 1307 φιλοσοφίαν
1009 1217 1143 1303 ὁρῶντες
1158 1210 1268 1298 ἔχοιεν

151 1372 178 1384 ..
201 1318 318 1384 κανόνα
340 1309 591 1407 προστίθεσθαι
614 1321 668 1386 καὶ
692 1322 800 1410 ζηλοῦν
823 1319 941 1386 ἐκεῖνον
964 1319 1094 1411 ἄριστον
1116 1314 1162 1384 ὧν
1185 1312 1266 1387 οἶδα

151 1422 213 1510 ἐγὼ
234 1423 422 1513 φιλοσόφων
444 1426 630 1511 peroptaret?
670 1429 732 1494 Sed
751 1429 950 1494 Schwarzius
972 1427 1049 1490 haec
1070 1427 1141 1509 ipsa
1163 1426 1265 1492 verba

150 1552 207 1614 pro
237 1533 353 1616 spuriis
383 1532 490 1615 habet,
521 1553 594 1596 curn
622 1535 724 1617 capita
748 1535 764 1596 1
789 1539 821 1597 et
844 1535 863 1595 2
893 1531 1110 1614 inte1polat0ri
1133 1531 1263 1596 cuidam

151 1637 321 1701 christiano
351 1636 483 1701 addicat.
538 1638 751 1720 Interpolator
780 1639 893 1721 igitur,
925 1655 991 1698 non
1020 1635 1197 1720 Lucianus,
1224 1636 1257 1700 id

151 1743 317 1824 spectavit,
348 1743 375 1805 si
404 1741 506 1806 Schw.
533 1744 698 1826 sequimur
724 1742 852 1825 ducem,
881 1746 918 1804 ut
941 1739 1123 1824 exemplum
1149 1740 1254 1825 optimi

150 1845 329 1929 philosophi
358 1847 576 1930 constitueret,
606 1853 661 1911 aut
691 1853 787 1930 certe,
819 1849 846 1911 si
867 1848 902 1910 id
925 1845 1010 1929 quod
1030 1843 1165 1908 Luciani
1185 1862 1256 1909 oon·

150 1950 257 2013 silium
278 1950 377 2014 tuisse
396 1950 594 2016 Schwarzius
613 1953 696 2036 urlt,
719 1957 804 2016 recte
817 1952 989 2032 intellexit,
1013 1950 1140 2014 disertis
1155 1949 1262 2014 verbis

149 2053 234 2117 idem
264 2056 399 2137 exprimi
429 2061 573 2139 oportere
601 2059 734 2140 putavit.
780 2057 1031 2120 incertissimum
1058 2059 1167 2118 autern
1188 2074 1264 2139 pro·

151 2159 232 2222 fecto
264 2165 326 2242 est,
357 2162 544 2224 sententiam
574 2161 613 2225 de
642 2162 748 2226 libello
771 2163 880 2245 aliquo
901 2160 1013 2224 fulcire
1034 2158 1266 2244 fundamentis,

153 2283 234 2346 quae
255 2266 454 2348 potissimum
476 2286 493 2330 e
514 2271 602 2350 parte
625 2267 732 2350 spuria
752 2266 963 2350 depromenda
983 2269 1075 2329 sunt:
1099 2262 1157 2327 ubi
1175 2265 1266 2330 enim

151 2367 328 2433 Lucianum
351 2371 456 2454 ipsum
479 2371 541 2434 tale
564 2371 640 2453 quid
662 2370 780 2434 dixisse
796 2370 994 2434 Sohwarzius
1013 2368 1127 2453 putat?
1151 2369 1266 2452 Atque

151 2475 178 2536 si
205 2475 411 2557 interpolator
439 2475 493 2538 ille
520 2475 712 2539 christianus
735 2475 866 2538 eandem
888 2476 955 2537 vim
977 2474 1130 2558 exempli,
1162 2494 1265 2556 quam

30 2626 37 2643 t
149 2579 214 2639 iam
235 2579 269 2640 in
284 2577 440 2643 Lucianeo
464 2580 579 2663 scripto
600 2581 737 2663 invenit,
761 2582 829 2644 suis
844 2578 949 2643 verbis
965 2597 1080 2663 augere
1095 2577 1264 2663 voluisset,

150 2701 215 2744 non
237 2683 399 2768 intellego,
422 2703 480 2748 cur
501 2685 629 2747 omnino
651 2684 794 2749 libellum
815 2689 1043 2749 retractaturus
1065 2683 1169 2746 fuerit.
1208 2752 1213 2761 ,

237 2785 359 2852 Deinde
391 2788 562 2854 Schwarzii
601 2791 790 2853 sententiam
830 2789 993 2852 infirmant
1030 2788 1099 2870 illa,
1139 2786 1263 2869 quibus

151 2891 320 2973 peculiaris
344 2896 410 2958 veri
432 2895 569 2959 hominis
591 2896 657 2957 vita
676 2895 865 2979 depingitur.
901 2893 985 2970 Quid
1005 2893 1112 2956 onim?
1140 2891 1262 2956 Demo·

151 3000 276 3058 noctem
299 2995 395 3080 Cypri
416 3003 527 3062 natum
549 3018 618 3062 esse
640 2998 753 3081 ecquid
775 2999 949 3061 adsummi
970 2997 1058 3060 illius
1079 2996 1262 3079 philosophi

152 3101 309 3183 speciem?
354 3101 470 3167 Nonne
491 3104 628 3171 Athenis
658 3108 764 3166 ortum
792 3121 860 3166 esse
886 3103 987 3186 magis
1009 3105 1262 3165 consentaneum

149 3204 263 3268 fuisset
277 3223 359 3287 eum,
375 3225 469 3287 quem
482 3207 547 3272 fere
562 3215 685 3292 semper
697 3208 835 3271 Athenis
849 3207 969 3270 vixisse
983 3206 1086 3268 voluit
1101 3205 1260 3288 scriptor?

152 3309 232 3373 Cum
253 3311 437 3393 praesertim
452 3309 591 3375 Luciano
614 3312 702 3376 cordi
726 3331 881 3376 essenon
902 3315 1021 3395 posset,
1043 3314 1081 3373 ut
1100 3309 1261 3394 deciperet

149 3415 282 3478 lectores
305 3414 344 3477 de
365 3433 500 3498 persona
518 3415 735 3500 Demonactis,
759 3437 854 3499 quem
877 3434 1000 3499 semper
1019 3416 1053 3477 in
1075 3414 1141 3477 foro
1157 3415 1260 3479 Athe-

150 3521 253 3583 niensi
276 3524 455 3583 versantem
476 3520 620 3585 finxerat.
659 3521 722 3586 Sed
744 3523 863 3585 hocne
886 3521 1100 3586 Schwarzium
1126 3519 1258 3601 quidem

149 3623 291 3688 fefellit.¹
334 3623 447 3706 Itaque
479 3630 545 3688 toto
575 3625 659 3688 eaelo
693 3626 788 3689 distat
820 3644 954 3709 persona
986 3623 1125 3708 Nigrini,
1160 3642 1258 3706 quem

151 3730 353 3812 peregrinum
375 3730 515 3792 maxima
535 3731 569 3792 in
592 3728 671 3793 urbe
691 3732 727 3792 in
749 3730 879 3794 domum
899 3729 1059 3793 inclusum
1080 3727 1218 3792 induxit

238 3967 264 4030 1)
288 3966 321 4020 of.
348 3984 373 4035 p.
392 3966 456 4022 590:
484 3967 552 4022 ‘Fiir
577 3967 621 4021 die
647 3966 853 4036 gleichzeitigen
877 3965 1009 4020 Griochon
1035 3966 1085 4034 gab
1108 3981 1138 4018 es
1163 3965 1256 4018 hierin

150 4052 229 4105 keine
245 4053 417 4122 'lauschung'
437 4055 487 4108 cto.
