2820 4606
621 225 833 281 ..13-

237 389 311 465 ‘rag
340 385 432 466 δίκας
462 386 602 474 εἰσάγειν
630 387 684 452 καὶ
712 388 801 468 τάξιν
829 387 940 466 αὐταῖς
968 390 1023 475 τὴν
1053 391 1277 476 προσήκουσαν

170 490 359 558 ἐπιτιθέναι
390 491 443 558 καὶ
473 506 535 557 τῶν
557 491 785 578 πραττομένων
805 491 859 557 καὶ
882 491 1057 578 λεγομένων
1080 494 1275 574 άνιαξαιτάν-

170 623 233 663 των
253 598 466 685 ὑπομνήματα
490 596 675 685 γράφεσθαι
699 596 752 661 καὶ
771 597 829 675 τάς
846 621 881 662 τε
897 595 1060 685 ῥιγιορείας
1073 612 1136 664 τῶν
1151 601 1275 664 δικαιο-

171 703 346 789 λογούντων
375 699 541 789 ῥυθμίζειν
571 701 625 767 καὶ
653 705 711 781 τὰς
732 713 789 767 τοῦ
812 702 960 787 ἄρχοντος
982 706 1113 790 γνώσεις
1135 706 1218 790 πρὸς
1239 706 1277 770 τδ

172 806 374 897 σαφέστατον
407 810 474 890 άμα
504 806 557 872 καί
589 806 819 894 ἀκριβέστατον
847 809 904 873 σὺν
934 806 1044 874 ιτίστει
1077 820 1116 897 τῇ
1144 808 1278 898 μεγίστῃ

172 912 399 1002 διαφυλάττειν
425 911 479 977 καὶ
507 912 721 998 παραδιδόναι
753 910 892 1000 διγμοσία
915 913 997 1000 πρὸς
1018 914 1074 978 τὸν
1096 913 1147 979 ἀεὶ
1167 915 1279 1001 χρόνον

173 1016 445 1101 ἀποκεισομένας.
460 1069 467 1081 .
482 1020 505 1082 .’

259 1126 377 1189 Mirum
404 1130 464 1207 est,
497 1125 582 1206 quod
613 1145 806 1207 quamquam
834 1125 1008 1209 Luoianus,
1041 1127 1133 1209 quale
1161 1148 1279 1192 munus
1304 1143 1308 1151 '

172 1231 279 1313 fuerit,
309 1236 373 1294 tam
403 1229 534 1293 verbose
565 1230 715 1313 explieat,
755 1235 860 1293 tamen
890 1251 940 1293 vv.
973 1230 1022 1293 dd.
1052 1250 1117 1294 non
1148 1251 1279 1296 eonsen-

173 1341 298 1400 serunt:
339 1337 407 1398 sine
437 1336 651 1398 controversia
678 1354 754 1398 vero
784 1340 907 1399 constat
934 1337 1017 1399 inter
1049 1356 1172 1419 omnes,
1206 1357 1279 1401 eum

120 1438 124 1444 '
173 1441 336 1504 iudiciario
357 1441 464 1522 aliquo
487 1459 618 1503 munere
641 1440 787 1503 functum
809 1460 885 1504 esse.

259 1545 325 1608 Iam
353 1545 394 1608 H.
417 1543 584 1608 Valesius¹
615 1544 760 1608 funditus
789 1545 968 1628 repudiavit
998 1547 1178 1628 opinionem
1208 1548 1232 1612 I.
1262 1568 1280 1610 a

175 1650 299 1733 Cestae,
333 1650 389 1732 qui
417 1648 593 1713 Luoianum
624 1668 814 1713 assessorem
842 1651 908 1713 sive
938 1651 1152 1714 consiliarium
1183 1651 1280 1715 fuisse

174 1755 343 1819 arbitratus
365 1760 421 1818 est.
466 1754 597 1819 Minime
620 1754 802 1818 dubitanter
824 1755 987 1819 Valesius:
1017 1756 1085 1819 ‘sed
1107 1756 1208 1839 paee',
1231 1758 1279 1819 in·

176 1862 257 1944 quit,
290 1860 363 1922 ‘viri
399 1859 604 1922 eruditissimi
639 1859 758 1922 dietum
793 1861 848 1941 sit,
886 1879 951 1922 non
985 1879 1187 1944 assessorem,
1225 1862 1280 1925 sed

81 1995 86 2002 ·
174 1965 573 2049 hypomnematographum
605 1983 638 2027 se
669 1964 766 2028 fuisse
796 1965 846 2027 his
876 1969 908 2027 et
937 1965 1144 2047 sequentibus
1173 1966 1280 2030 verbis

175 2069 330 2154 signifieat
371 2068 538 2155 Luqianus.
611 2069 662 2133 Sio
710 2071 794 2133 enim
841 2069 1026 2133 dioebantur
1068 2070 1281 2134 Alexandriae

175 2176 306 2239 actuarii
329 2195 386 2239 seu
409 2177 618 2257 memoriales,
643 2177 698 2258 qui
721 2180 789 2238 aeta
812 2174 1040 2238 conficiebant)

260 2280 313 2343 Ad
335 2279 455 2344 Valesii
485 2279 650 2343 arbitrium
681 2285 711 2343 et
739 2285 856 2343 nutum
886 2284 989 2343 totum
1017 2299 1085 2343 sese
1108 2300 1280 2343 aooommo-

176 2384 261 2448 davit
284 2384 495 2450 Gothofredus
517 2387 550 2447 in
574 2385 712 2448 editione
736 2385 809 2450 Ood.
829 2385 944 2449 Theod.
964 2386 1012 2448 IV
1035 2406 1063 2468 p.
1083 2387 1156 2450 524.

261 2490 377 2554 Postea
391 2491 510 2554 Valesii
534 2489 703 2553 verborum
727 2492 894 2554 evanuisse
917 2490 1044 2553 ridetur
1063 2491 1186 2572 notitia,
1208 2509 1281 2553 oum

176 2613 278 2675 neque
307 2595 449 2659 Reitzius
479 2614 583 2677 neque
605 2595 803 2659 Wielandius
833 2614 937 2677 neque
969 2594 1151 2658 Rudorffius
1178 2614 1282 2677 neque

176 2700 255 2763 alius
286 2701 455 2783 quisquam
487 2705 560 2763 ante
590 2699 624 2762 G.
655 2699 856 2763 Dindorfium
886 2702 1077 2763 mentionem
1108 2701 1282 2763 sententiae

176 2804 361 2869 Valesianae
382 2805 497 2869 feeerit.

261 2908 405 2973 Reitaius
444 2911 529 2973 enim
567 2909 695 2971 omnino
736 2927 800 2971 non
838 2908 877 2971 de
914 2909 1281 2992 hypomnematographo

176 3015 305 3097 cogitat,
328 3014 382 3077 sed
406 3014 445 3077 de
467 3014 605 3077 actuario
628 3013 679 3075 vel
698 3013 876 3096 graphiario
894 3017 1016 3076 tantum
1033 3033 1174 3097 munere,
1197 3015 1281 3095 quod

177 3123 259 3181 oerto
284 3119 411 3182 nomine
435 3137 547 3181 ornare
572 3136 637 3180 non
662 3117 781 3181 audet²

263 3223 463 3287 Wielandius
500 3222 712 3286 Samosatensi
754 3220 897 3304 publioas
939 3223 1121 3304 provinoiae
1159 3222 1282 3286 tabulas

154 3342 158 3351 '
177 3332 358 3395 commissas
379 3329 477 3393 fuisse
501 3327 687 3392 existimat.3

263 3434 447 3499 Rudorffius
469 3453 558 3516 vero,
587 3434 710 3496 tametsi
733 3432 912 3515 Valesium,
936 3438 1089 3515 utsupra
1113 3432 1195 3513 dixi,
1218 3451 1282 3494 non

177 3541 331 3624 nominat,
354 3544 459 3603 tamen
483 3539 671 3602 sententiam
694 3539 763 3601 eius
783 3558 913 3620 prorsus
937 3537 1107 3620 sequitur.4

265 3815 292 3882 1)
311 3814 345 3868 ad
363 3815 452 3866 Amm.
470 3812 552 3867 Maro.
570 3830 596 3880 p.
610 3811 662 3865 353
683 3812 723 3865 ed.
744 3827 766 3866 a.
787 3810 863 3865 1636.

265 3900 292 3967 2)
312 3901 353 3954 ed.
373 3917 396 3954 a.
417 3900 485 3953 1743
502 3899 516 3952 Ι
534 3917 560 3974 p.
574 3899 651 3953 LXV
665 3916 739 3969 sequ.

266 3988 293 4055 3)
312 3987 432 4042 Lulrians
450 3988 550 4040 Werlre
567 3986 592 4039 V
610 4005 635 4056 p.
650 3987 708 4040 184.

265 4075 293 4144 4)
312 4075 342 4129 in
360 4075 430 4130 Mus.
449 4074 571 4130 Rhenan.
590 4075 619 4130 H
638 4075 737 4144 (1828),
755 4093 781 4143 p.
794 4072 836 4128 82.
